=LDR  01488aam a2200253   4500
=001  419
=008  220104s1780\\\\||||||||\||||\00|\d\dut\d
=041  \\$adut$hger
=245  \\$aSpectatoriaale Schouwburg$nvol. 9
=260  \\$aAmsterdam$bMeijer$c1780
=300  \\$a331 pages$b3 plates inserted
=336  \\$aprinted
=490  \\$aSpectatoriaale Schouwburg
=505  \\$aHippel's 'De man naar de klok. Blyspel' (Der Mann nach der Uhr, 1766); Lessing's 'Minna van Barnhelm of Het krijgsmans-geluk'; Stortz' 'Julie'
=590  \\$aBehelzende eene verzameling der beste zedelyke tooneelstukken, byeen gebragt uit alle de verscheiden taalen van Europa. Met nieuw-geinventeerde konstplaaten versierd.
=648  \0$a18th Century (1701-1800)$1http://www.wikidata.org/entity/Q7015$920899
=650  \0$aPlay (theater)$1http://www.wikidata.org/entity/Q25379$921414
=700  \\$4aut$aHippel, Theodor Gottlieb von$1http://www.wikidata.org/entity/Q214310$95187
=700  \\$4aut$aLessing, Gotthold Ephraim$d1729-1781$1http://www.wikidata.org/entity/Q34628$95180
=700  \\$4aut$aSturz, Helfrich Peter$d1736-1779$1http://www.wikidata.org/entity/Q1602121$95189
=856  \\$uhttps://books.google.be/books?id=pSQUAAAAQAAJ&dq=editions%3Afe0jSlKH-TYC&pg=PP7#v=onepage&q&f=false$3Google Books
=942  \\$cBOO
=952  \\$00$10$2ddc$40$6KTS_1_000000000000000_C1_66_03D14$70$8RAR$9419$aORPH$bORPH$cKTS1_C1$d2020-07-08$eKoopman$i03D14$oKTS1 C1.66 03D14$p20138116$r2021-01-12 00:00:00$w2021-01-12$yBOO
=999  \\$d419

