=LDR  01079aam a2200229   4500
=001  424
=008  220105s1834\\\\||||||||\||||\00|\d\dut\d
=041  \\$adut$hger
=245  \\$aValeria.$bZangspel in drie bedrijven
=260  \\$aAmsterdam$bWesterman$bVan Hulst$c1834
=300  \\$a82 pages
=336  \\$aprinted
=648  \0$a19th Century (1801-1900)$1http://www.wikidata.org/entity/Q6955$920935
=650  \0$aLibretto$1http://www.wikidata.org/entity/Q131084$94031
=650  \0$aPlay (theater)$1http://www.wikidata.org/entity/Q25379$921414
=700  \\$4lbt$aVelde, C. F. van der$d1779-1824$1http://www.wikidata.org/entity/Q85756$923365
=700  \\$4trl$aRoobol, C. J.$95196
=700  \\$4cmp$aSchmitt, Aloys$d1788-1866$1http://www.wikidata.org/entity/Q527514$923367
=856  \\$uhttps://books.google.be/books?id=_HJfAAAAcAAJ&pg=PA3#v=onepage&q&f=false$3Google Books
=942  \\$cBOO
=952  \\$00$10$2ddc$40$6KTS_1_000000000000000_C1_66_03D19$70$8RAR$9424$aORPH$bORPH$cKTS1_C1$d2020-07-08$eKoopman$i03D19$oKTS1 C1.66 03D19$p20138133$r2021-01-12 00:00:00$w2021-01-12$yBOO
=999  \\$d424

