=LDR  00899aam a2200217   4500
=001  428
=008  220105s1713\\\\||||||||\||||\00|\d\dut\d
=041  \\$adut
=100  \\$aSchroder, Johannes$4aut$95200
=245  \\$aDe vrystermarkt.$bKluchtspel
=260  \\$aAmsterdam$bOosterwyk$c1713
=300  \\$a48 pages
=336  \\$aprinted
=590  \\$aOnder de zinspreuk Suum cuique vitium est.
=648  \0$a18th Century (1701-1800)$1http://www.wikidata.org/entity/Q7015$920899
=650  \0$aPlay (theater)$1http://www.wikidata.org/entity/Q25379$921414
=650  \0$aLibretto$1http://www.wikidata.org/entity/Q131084$94031
=856  \\$uhttps://books.google.be/books?id=ZnxYAAAAcAAJ$3Google Books
=942  \\$cBOO
=952  \\$00$10$2ddc$40$6KTS_1_000000000000000_C1_66_03D23$70$8RAR$9428$aORPH$bORPH$cKTS1_C1$d2020-07-08$eKoopman$i03D23$oKTS1 C1.66 03D23$p20138137$r2021-01-12 00:00:00$w2021-01-12$yBOO
=999  \\$d428

