=LDR  01318aam a2200265   4500
=001  429
=008  220105s1820\\\\||||||||\||||\00|\d\dut\d
=041  \\$adut$hfre
=245  \\$aHet tooverklokje of Lucifer pagie.$bToover-zangspel (met balletten)
=260  \\$aAmsterdam$bvan Kesteren$c1820
=300  \\$a84 pages
=336  \\$aprinted
=534  \\$aOriginal french version first presented in 1817$ohttps://books.google.be/books?id=rSpMAAAAcAAJ&hl=fr&pg=PP5#v=onepage&q&f=false
=648  \0$a19th Century (1801-1900)$1http://www.wikidata.org/entity/Q6955$920935
=650  \0$aLibretto$1http://www.wikidata.org/entity/Q131084$94031
=650  \0$aPlay (theater)$1http://www.wikidata.org/entity/Q25379$921414
=650  \0$aBallet$1http://www.wikidata.org/entity/Q41425$94412
=700  \\$4aut$aThéaulon, M.$d1787-1841$1http://www.wikidata.org/entity/Q2733401$923371
=700  \\$4aut$4trl$aVijver, Cornelis van der$d1784-1855$95201
=700  \\$4cmp$aHérold, Ferdinand$d1791-1833$921075
=765  \\$aLa clochette ou le diable page
=856  \\$uhttps://www.loc.gov/item/2010660122/$3Library of Congress
=942  \\$cBOO
=952  \\$00$10$2ddc$40$6KTS_1_000000000000000_C1_66_03D24$70$8RAR$9429$aORPH$bORPH$cKTS1_C1$d2020-07-08$eKoopman$i03D24$oKTS1 C1.66 03D24$p20138138$r2021-01-12 00:00:00$w2021-01-12$yBOO
=999  \\$d429

