=LDR  03380aam a2200421   4500
=001  434
=008  211026s1771\\\\||||||||\||||\00|\e\fre\d
=041  \\$afre
=100  \\$aVoltaire$d1694-1778$4aut$1http://www.wikidata.org/entity/Q9068$95159
=245  \\$aEssai sur les mœurs et l'esprit des nations 
=246  \1$aEssai sur les moeurs et l'esprit des nations 
=250  \\$arev. ed.
=260  \\$aParis$aGenève$c1771$bs.n.
=300  \\$a9 vols. (374+380+392+371+375+360+399+399+366 pages)
=490  \\$aŒuvres de Voltaire
=534  \\$aOriginally published in 1756
=561  \\$aEx libris J. B. Greeve (plate)
=590  \\$aVols 1-6: et sur les principaux faits de l'histoire, depuis Charlemagne jusqu'a Louis XIII
Vols. 7-9: Siècle de Louis XIV, Auquel on a joint un Précis du Siècle de Louis XV

=600  \0$aCharlemagne$cHoly Roman Emperor; King of Franks; King of Italy$d742-814$1http://www.wikidata.org/entity/Q3044$923308
=600  \0$aLouis XIII$cKing of France$d1601-1643$1http://www.wikidata.org/entity/Q737533$915138
=600  \0$aLouis XIV$cKing of France$d1638-1715$1http://www.wikidata.org/entity/Q7742$99829
=600  \0$aLouis XV$cKing of France$d1710-1774$1http://www.wikidata.org/entity/Q7738$98079
=648  \0$a18th Century (1701-1800)$1http://www.wikidata.org/entity/Q7015$920899
=650  \0$aPhilosophy$1http://www.wikidata.org/entity/Q5891$92357
=650  \0$aHistory$1http://www.wikidata.org/entity/Q309$921403
=650  \0$aHistoriography$1http://www.wikidata.org/entity/Q50675$921801
=651  \0$aFrance$1http://www.wikidata.org/entity/Q142$9131
=942  \\$cBOO
=952  \\$00$10$2ddc$40$6KTS_1_000000000000000_C1_43_03E01$70$8RAR$9434$aORPH$bORPH$cKTS1_C1$d2020-07-08$eKoopman$i03E01$oKTS1 C1.43 03E01$p20137485$r2021-01-12 00:00:00$w2021-01-12$yBOO
=952  \\$00$10$2ddc$40$6KTS_1_000000000000000_C1_43_03E02$70$8RAR$920848$aORPH$bORPH$cKTS1_C1$d2020-07-08$eKoopman$i03E02$l0$oKTS1 C1.43 03E02$p20137486$r2021-10-26 00:00:00$w2021-01-12$yBOO
=952  \\$00$10$2ddc$40$6KTS_1_000000000000000_C1_43_03E03$70$8RAR$920849$aORPH$bORPH$cKTS1_C1$d2020-07-08$eKoopman$i03E03$l0$oKTS1 C1.43 03E03$p20137487$r2021-10-26 00:00:00$w2021-01-12$yBOO
=952  \\$00$10$2ddc$40$6KTS_1_000000000000000_C1_43_03E04$70$8RAR$920850$aORPH$bORPH$cKTS1_C1$d2020-07-08$eKoopman$i03E04$oKTS1 C1.43 03E04$p20137488$r2021-10-26 00:00:00$w2021-01-12$yBOO
=952  \\$00$10$2ddc$40$6KTS_1_000000000000000_C1_43_03E05$70$8RAR$920851$aORPH$bORPH$cKTS1_C1$d2020-07-08$eKoopman$i03E05$l0$oKTS1 C1.43 03E05$p20137489$r2021-10-26 00:00:00$w2021-01-12$yBOO
=952  \\$00$10$2ddc$40$6KTS_1_000000000000000_C1_43_03E06$70$8RAR$920852$aORPH$bORPH$cKTS1_C1$d2020-07-08$eKoopman$i03E06$l0$oKTS1 C1.43 03E06$p20137490$r2021-10-26 00:00:00$w2021-01-12$yBOO
=952  \\$00$10$2ddc$40$6KTS_1_000000000000000_C1_43_03E07$70$8RAR$920853$aORPH$bORPH$cKTS1_C1$d2020-07-08$eKoopman$i03E07$l0$oKTS1 C1.43 03E07$p20137491$r2021-10-26 00:00:00$w2021-01-12$yBOO
=952  \\$00$10$2ddc$40$6KTS_1_000000000000000_C1_43_03E08$70$8RAR$920854$aORPH$bORPH$cKTS1_C1$d2020-07-08$eKoopman$i03E08$l0$oKTS1 C1.43 03E08$p20137492$r2021-10-26 00:00:00$w2021-01-12$yBOO
=952  \\$00$10$2ddc$40$6KTS_1_000000000000000_C1_43_03E09$70$8RAR$920855$aORPH$bORPH$cKTS1_C1$d2020-07-08$eKoopman$i03E09$l0$oKTS1 C1.43 03E09$p20137493$r2021-10-26 00:00:00$w2021-01-12$yBOO
=999  \\$d434

