=LDR  04430aam a2200385   4500
=001  435
=008  211026s\\\\\\\\|||cf|||\||||\00|\d\fre\d
=041  \\$afre
=100  \\$aCorneille, Pierre$d1606-1684$4aut$1http://www.wikidata.org/entity/Q747$95207
=245  \\$aThéâtre de Pierre Corneille avec des commentaires
=260  \\$aGeneva$bCramer$c1764
=300  \\$a12 vols. ([ii]-454-[2]+[viii]-413-9+510+482+429-[2]+440-[2]+467+388+443+495+500+355 pages)$bill. 34 plates
=500  \\$aBeautiful edition by Ponce-Denis Ecouchard Le Brun, advised by Voltaire
=500  \\$afront. by Pierre engraved by Watelet
=500  \\$a34 ills. engraved after Gravelot
=500  \\$acontains: 
'Médée' and 'Le Cid' (vol. 1)
'Horace', 'Cinna', 'Extrait de Jules César de Shakespeare' (vol. 2)
'Polyeucte', 'Pompée' and 'Le menteur' (vol. 3)
'Suite du menteur', 'Théodore' and 'Rodogune' (vol. 4)
'la fam. com.', 'Héraclius' and 'D. Danche d'Aragon' (vol. 5)
'Andromède', 'Nicomède' and 'Pertharite' (vol. 6)
'Œdipe', 'La toison d'or' and 'Sertorius' (vol. 7)
'Sophonisbe', 'Othon' and 'Agésilas' (vol. 8)
'Attila', 'Bérénice' and 'Suréna' (vol. 9)
'Pulchérie', 'Ariane', 'Le Comte d'Essex' and 'Mélite' (vol. 10)
'Clitandre', 'La veuve', 'La galerie du palais' and 'La suivante' (vol. 11)
'La place royale', 'L'illusion comique', 'Vie' and 'Discours' (vol. 12)
=648  \0$a17th Century (1601-1700)$1http://www.wikidata.org/entity/Q7016$920923
=650  \0$aPlay (theater)$1http://www.wikidata.org/entity/Q25379$921414
=651  \0$1http://www.wikidata.org/entity/Q142$aFrance$9131
=700  \\$4cmm$aVoltaire$d1694-1778$1http://www.wikidata.org/entity/Q9068$95159
=700  \\$4aut$aCorneille, Thomas$d1625-1709$1http://www.wikidata.org/entity/Q551787$94914
=942  \\$cBOO
=952  \\$00$10$2ddc$3vol. 1$40$6KTS_1_000000000000000_C1_43_03E10$70$8RAR$9435$aORPH$bORPH$cKTS1_C1$d2020-07-08$eKoopman$i                      $oKTS1 C1.43 03E10$p20137484$r2021-01-12 00:00:00$w2021-01-12$yBOO
=952  \\$00$10$2ddc$3vol. 2$40$6KTS_1_000000000000000_C1_43_03E11$70$8RAR$920843$aORPH$bORPH$cKTS1_C1$d2020-07-08$eKoopman$i                      $oKTS1 C1.43 03E11$p20137494$r2021-10-26 00:00:00$w2021-01-12$yBOO
=952  \\$00$10$2ddc$3vol. 3$40$6KTS_1_000000000000000_C1_43_03E12$70$8RAR$920844$aORPH$bORPH$cKTS1_C1$d2020-07-08$eKoopman$i                      $oKTS1 C1.43 03E12$p20137495$r2021-10-26 00:00:00$w2021-01-12$yBOO
=952  \\$00$10$2ddc$3vol. 4$40$6KTS_1_000000000000000_C1_43_03E13$70$8RAR$920845$aORPH$bORPH$cKTS1_C1$d2020-07-08$eKoopman$i                      $oKTS1 C1.43 03E13$p20137496$r2021-10-26 00:00:00$w2021-01-12$yBOO
=952  \\$00$10$2ddc$3vol. 5$40$6KTS_1_000000000000000_C1_43_03E14$70$8RAR$920846$aORPH$bORPH$cKTS1_C1$d2020-07-08$eKoopman$i                      $oKTS1 C1.43 03E14$p20137497$r2021-10-26 00:00:00$w2021-01-12$yBOO
=952  \\$00$10$2ddc$3vol. 6$40$6KTS_1_000000000000000_C1_43_03E15$70$8RAR$920847$aORPH$bORPH$cKTS1_C1$d2020-07-08$eKoopman$i                      $oKTS1 C1.43 03E15$p20137498$r2021-10-26 00:00:00$w2021-01-12$yBOO
=952  \\$00$10$2ddc$3vol. 7$40$6KTS_1_000000000000000_C1_43_03E16$70$8RAR$920856$aORPH$bORPH$cKTS1_C1$d2020-07-08$eKoopman$i                      $l0$oKTS1 C1.43 03E16$p20137502$r2021-10-26 00:00:00$w2021-01-12$yBOO
=952  \\$00$10$2ddc$3vol. 8$40$6KTS_1_000000000000000_C1_43_03E17$70$8RAR$920857$aORPH$bORPH$cKTS1_C1$d2020-07-08$eKoopman$i                      $l0$oKTS1 C1.43 03E17$p20137501$r2021-10-26 00:00:00$w2021-01-12$yBOO
=952  \\$00$10$2ddc$3vol. 9$40$6KTS_1_000000000000000_C1_43_03E18$70$8RAR$920858$aORPH$bORPH$cKTS1_C1$d2020-07-08$eKoopman$i                      $l0$oKTS1 C1.43 03E18$p20137500$r2021-10-26 00:00:00$w2021-01-12$yBOO
=952  \\$00$10$2ddc$3vol. 10$40$6KTS_1_000000000000000_C1_43_03E19$70$8RAR$920859$aORPH$bORPH$cKTS1_C1$d2020-07-08$eKoopman$i                      $l0$oKTS1 C1.43 03E19$p20137499$r2021-10-26 00:00:00$w2021-01-12$yBOO
=952  \\$00$10$2ddc$3vol. 11$40$6KTS_1_000000000000000_C1_43_03E20$70$8RAR$920860$aORPH$bORPH$cKTS1_C1$d2020-07-08$eKoopman$i                      $l0$oKTS1 C1.43 03E20$p20137503$r2021-10-26 00:00:00$w2021-01-12$yBOO
=952  \\$00$10$2ddc$3vol. 12$40$6KTS_1_000000000000000_C1_43_03E21$70$8RAR$920861$aORPH$bORPH$cKTS1_C1$d2020-07-08$eKoopman$i                      $l0$oKTS1 C1.43 03E21$p20137504$r2021-10-26 00:00:00$w2021-01-12$yBOO
=999  \\$d435

