=LDR  01392aam a2200277   4500
=001  436
=008  211027r17791752|||g||||\||||\00|\0\fre\d
=041  \\$afre
=100  \\$ad'Alembert, Jean Le Rond$d1717-1783$4aut$1http://www.wikidata.org/entity/Q153232$94826
=245  \\$aÉlémens de musique, théorique et pratique, suivant les principes de M. Rameau
=250  \\$arev. ed.
=260  \\$aLyon$bBruyset$c1779
=300  \\$axxxvi-236-[4] pages$b10 folded sheets, title page in red and black ink
=336  \\$aprinted
=500  \\$asee also 06F06b and H4-047
=534  \\$aOriginally published in 1752
=590  \\$aéclaircis, développés et simplifiés. Nouvelle édition, revue, corrigée & considérablement augmentée
=600  \0$aRameau, Jean-Philippe$d1683-1764$1http://www.wikidata.org/entity/Q1145$94787
=648  \0$a18th Century (1701-1800)$1http://www.wikidata.org/entity/Q7015$920899
=650  \0$aMusic theory$1http://www.wikidata.org/entity/Q193544$92662
=650  \0$aHarmony$1http://www.wikidata.org/entity/Q184421$92358
=650  \0$aAcoustics$1http://www.wikidata.org/entity/Q82811$921365
=651  \0$aFrance$1http://www.wikidata.org/entity/Q142$9131
=942  \\$cBOO
=952  \\$00$10$2ddc$40$6KTS_1_000000000000000_C1_43_03E22$70$8RAR$9436$aORPH$bORPH$cKTS1_C1$d2020-07-08$eKoopman$i03E22$oKTS1 C1.43 03E22$p20137505$r2021-01-12 00:00:00$w2021-01-12$yBOO
=999  \\$d436

