=LDR  01372aam a2200265   4500
=001  437
=008  211027s1789\\\\||||||||\||||\00|\0\dut\d
=041  \\$adut
=100  \\$aSwinden, Jan Hendrik van$d1746-1823$4aut$95209
=245  \\$aRedenvoering, en aanspraak ter inwijding van het gebouw der Maatschappij Felix Meritis te Amsterdam
=260  \\$aAmsterdam$bWarnars$c1789
=300  \\$axx-164 pages
=336  \\$aprinted
=500  \\$aFelix Meritis was founded in 1776 by Willem Writs as an enlightened society for the promotion of the arts and sciences
=500  \\$ain 1788 it moved to its current building with oval concert hall at the Keizersgracht
=500  \\$asee also H2-063, 02A12, H4-049 and 03E23
=590  \\$agehouden op den 31sten October en 1sten November 1789
=648  \0$a18th Century (1701-1800)$1http://www.wikidata.org/entity/Q7015$920899
=650  \0$aMusic history$1http://www.wikidata.org/entity/Q846047$921373
=650  \0$aRhetoric$1http://www.wikidata.org/entity/Q81009$93894
=650  \0$aInstitution$1http://www.wikidata.org/entity/Q178706$94241
=651  \0$aAmsterdam (Netherlands)$1http://www.wikidata.org/entity/Q727$9135
=942  \\$cBOO
=952  \\$00$10$2ddc$40$6KTS_1_000000000000000_C1_43_03E23$70$8RAR$9437$aORPH$bORPH$cKTS1_C1$d2020-07-08$eKoopman$i03E23$oKTS1 C1.43 03E23$p20137506$r2021-01-12 00:00:00$w2021-01-12$yBOO
=999  \\$d437

