=LDR  00927aam a2200217   4500
=001  438
=008  210412s1782\\\\\\\|||||\||||\00|\p\dut\d
=041  \\$adut
=100  \\$aBellamy, Jacobus$d1757-1786$4aut$1http://www.wikidata.org/entity/Q716609$95723
=245  \\$aVaderlandsche gezangen + Vervolg der vaderlandsche gezangen
=250  \\$a1st ed.
=260  \\$aUtrecht$bvan Vloten$c1782
=300  \\$a134-[2]-16 pages
=336  \\$aprinted
=648  \0$a18th Century (1701-1800)$1http://www.wikidata.org/entity/Q7015$920899
=650  \0$aPoetry$1http://www.wikidata.org/entity/Q482$93026
=650  \0$aSong$1http://www.wikidata.org/entity/Q7366$94164
=651  \0$aNetherlands$1http://www.wikidata.org/entity/Q55$9173
=942  \\$cBOO
=952  \\$00$10$2ddc$40$6KTS_1_000000000000000_C1_43_03E24$70$8RAR$9438$aORPH$bORPH$cKTS1_C1$d2020-07-08$eKoopman$i03E24$oKTS1 C1.43 03E24$p20137507$r2021-01-12 00:00:00$w2021-01-12$yBOO
=999  \\$d438

