=LDR  00932aam a2200205   4500
=001  439
=008  211027s1788\\\\|||c||||\||||\00|\p\dut\d
=041  \\$adut
=100  \\$aNieuwland, Pieter$d1764-1794$4aut$1http://www.wikidata.org/entity/Q2094270$95211
=245  \\$aGedichten
=260  \\$aAmsterdam$bde Hengst$c1788
=300  \\$a136 pages
=336  \\$aprinted
=648  \0$a18th Century (1701-1800)$1http://www.wikidata.org/entity/Q7015$920899
=650  \0$aPoetry$1http://www.wikidata.org/entity/Q482$93026
=651  \0$aAmsterdam (Netherlands)$1http://www.wikidata.org/entity/Q727$9135
=856  \\$uhttps://www.delpher.nl/nl/boeken/view?coll=boeken&identifier=dpo:3659:mpeg21:0001$3National Library of the Netherlands
=942  \\$cBOO
=952  \\$00$10$2ddc$40$6KTS_1_000000000000000_C1_43_03E25$70$8RAR$9439$aORPH$bORPH$cKTS1_C1$d2020-07-08$eKoopman$i03E25$oKTS1 C1.43 03E25$p20137508$r2021-01-12 00:00:00$w2021-01-12$yBOO
=999  \\$d439

