=LDR  01746aam a2200277   4500
=001  448
=008  220107s1769\\\\||||||||\||||\00|\i\fre\d
=041  \\$afre
=100  \\$aRousseau, Jean-Jacques$d1712-1778$4aut$1http://www.wikidata.org/entity/Q6527$95214
=245  \\$aJean Jacques Rousseau Citoyen de Genève, à Christophe de Beaumont
=260  \\$aAmsterdam$bRey$c1769
=300  \\$axl-128-348 pages
=336  \\$aprinted
=490  \\$aŒuvres de J. J. Rousseau$v9
=500  \\$aBeaumont, the archbishop of Paris, had attacked Rousseau's deism in Émile
=500  \\$aRousseau makes a plea for natural religion
=500  \\$aMarc-Michel Rey (1720-1780) was a Huguenot printer from Geneva who in 1744 moved to Amsterdam, where he succeeded to Jean-Frédéric Bernard. He was in personal touch with Rousseau. In 1769, Rey issued an 11-volume edition of the "Œuvres de J.-J. Rousseau de Genève. Nouvelle édition revue, corrigée & augmentée de plusieurs morceaux qui n'avoient point encore paru and three volumes of Œuvres diverses". He became the publisher of Voltaire, Rousseau, Diderot, Holbach, etc.
=534  \\$aOriginally published in 1763
=648  \0$a18th Century (1701-1800)$1http://www.wikidata.org/entity/Q7015$920899
=650  \0$aReligion$1http://www.wikidata.org/entity/Q9174$93062
=650  \0$aPhilosophy$1http://www.wikidata.org/entity/Q5891$92357
=650  \0$aCorrespondence$1http://www.wikidata.org/entity/Q1784733$921392
=651  \0$aGeneva (Switzerland)$1http://www.wikidata.org/entity/Q71$923443
=942  \\$cBOO
=952  \\$00$10$2ddc$40$6KTS_1_000000000000000_C1_67_03F10$70$8RAR$9448$aORPH$bORPH$cKTS1_C1$d2020-07-08$eKoopman$i03F10$oKTS1 C1.67 03F10$p20138157$r2021-01-12 00:00:00$w2021-01-12$yBOO
=999  \\$d448

