=LDR  09085aam a2201429   4500
=001  452
=008  210614r17281711\\\ga|||\||||\00|\0\ger\d
=041  \\$ager
=059  \\$abc
=100  \\$aHeinichen, Johann David$d1683-1729$4aut$1http://www.wikidata.org/entity/Q506627$95215
=245  \\$aDer General-Bass in der Composition
=250  \\$aRev. ed.
=260  \\$aDresden$bHeinichen$c1728
=300  \\$a[vi]-960-[28] pages$bmusic examples
=500  \\$aCited in Koopman 2019, 5-6
=500  \\$aEngravings at pages 94, 256, 583, 724, 761, 768, 796, and 837
=500  \\$aThe penultimate page contains a note
=534  \\$aOriginally 'Neu erfundene und grundliche Anweisung ... zu vollkommener Erlernung des General-Basses' (1711)
=585  \\$aPart of the exhibition 'Händel in Naarden, uit de collectie van Ton Koopman', Oct-Nov 2025, Comenius Museum Naarden (NL).
=590  \\$aOder: Neue und gründliche Anweising, wie ein Music-Liebender mit besonder Vortheil, durch die Principia der Composition, nicht allein den General-Bass im Kirchen- Cammer- und theatralischen Stylô vollkommen, & in altiori Gradu erlernen; sondern auch zu gleicher Zeit in der Composition selbst, wichtige Profectus machen könne. Nebst einer Einleitung Oder Musicalischen Raisonnement von der Music überhaupt, und vielen besondern Materien der heutigen Praxeos. Herausgegeben von Johann David Heinichen, Königl. Pohln. und Churfl. Sächs. Capellmeister
=648  \0$a18th Century (1701-1800)$1http://www.wikidata.org/entity/Q7015$920899
=650  \0$aBasso continuo$1http://www.wikidata.org/entity/Q724321$921065
=650  \0$aComposing$1http://www.wikidata.org/entity/Q92186587$93076
=651  \0$aGermany$1http://www.wikidata.org/entity/Q183$9155
=653  \0$a?-stemmig bc$3130-137, 140, 551, 552$020136637$w03F15$928330
=653  \0$a4st bc$3130, 131, 135, 137, 256$020136637$w03F15$928380
=653  \0$aa$384$020136637$w03F15$928387
=653  \0$aaccentuatie in maat$3258-378$020136637$w03F15$928445
=653  \0$aacciaccatura$3529-543, 796$020136637$w03F15$928450
=653  \0$aacciaccatura + trillers$3530$020136637$w03F15$928451
=653  \0$aacciaccatura op orgel$3533$020136637$w03F15$928452
=653  \0$aafwisseling$386, 541, 573-583$020136637$w03F15$928514
=653  \0$aalla breve$3332-366, 946, 947$020136637$w03F15$928599
=653  \0$aarpeggio$3522, 534, 535, 541, 556, 557, 796$020136637$w03F15$928797
=653  \0$aarpeggio = gebroken akkoord$3557-577$020136637$w03F15$928798
=653  \0$aartikulatie$3552$020136637$w03F15$928817
=653  \0$ab.c. als compositieleer$3tp, voorwoord, 92, 372, ets, 625, 681, 723, 724, 765$020136637$w03F15$928889
=653  \0$aBach, J.S.$37-9?$020136637$w03F15$928929
=653  \0$ablokfluit$352, 61, 69, 76$020136637$w03F15$929645
=653  \0$abc$3wb$020136637$w03F15$929236
=653  \0$aCaldara, A.$3943$020136637$w03F15$930130
=653  \0$acomponist$321-25, 30-91$020136637$w03F15$930630
=653  \0$aonbecijferde bas$319, 20, 91-93, 508, 585-587, 725-836, 900, 901, 917$020136637$w03F15$935379
=653  \0$acontrapunt$37-9, 22, 25, 28, 935, 936$020136637$w03F15$930699
=653  \0$aorgelbc$3132, 156, 159, 264, 268, 352, 533$020136637$w03F15$935537
=653  \0$aD'Astorga$3797$020136637$w03F15$930891
=653  \0$aorgelreg[istratie] + bc$3159, 202$020136637$w03F15$935572
=653  \0$aoud-nieuw$32-5, 7, 94, 130, 131, 913, 937, 941$020136637$w03F15$935651
=653  \0$aPalestrina$3942-944$020136637$w03F15$935723
=653  \0$adiminuties en bc$3522, 524, 545-583$020136637$w03F15$931090
=653  \0$adwarsfluit$372$020136637$w03F15$931340
=653  \0$aechoeffekt$354, 56, 57$020136637$w03F15$931377
=653  \0$aemoties$34, 23, 25, 47, 48$020136637$w03F15$931445
=653  \0$aenharmoniek$3706-715, 789, 897-899$020136637$w03F15$931476
=653  \0$asyncope$3263$020136637$w03F15$936708
=653  \0$atasto solo$3515, 948$020136637$w03F15$936760
=653  \0$atekst$330-89, 797, 798, 938$020136637$w03F15$936775
=653  \0$atemperatuur$37, 84, 85, 941$020136637$w03F15$936807
=653  \0$atempo$3263, 268, 291-293, 332, 343, 346, 348, 350, 507$020136637$w03F15$936814
=653  \0$atempo en bc$3507$020136637$w03F15$936817
=653  \0$atempo van arpeggio$3556, 557$020136637$w03F15$936823
=653  \0$atoonaardkarakteristiek$383-87$020136637$w03F15$937025
=653  \0$agoût$39-13, 15, 16, 21-24, 522$020136637$w03F15$932303
=653  \0$aunisono$360, 61, 109$020136637$w03F15$937298
=653  \0$aversieringen en recitatief$3796$020136637$w03F15$937485
=653  \0$avingerzetting$396, 132, 522, 523, 525-527, 535, 536, 541, 542, 915$020136637$w03F15$937568
=653  \0$aVivaldi, A.$3868$020136637$w03F15$937660
=653  \0$aimitatie in bc$3522, 578-583$020136637$w03F15$933048
=653  \0$aimprovisatie$3901-915, 934$020136637$w03F15$933059
=653  \0$avoorslag$3525-527$020136637$w03F15$937751
=653  \0$aWerckmeister, A.$3914$020136637$w03F15$937929
=653  \0$awonderkind$3840$020136637$w03F15$938047
=653  \0$aKircher, A.$3837, 839, 841, 868, 936$020136637$w03F15$933414
=653  \0$aZarlino$398$020136637$w03F15$938113
=653  \0$aRameau, J.Ph.$3763-766, 948, 960$020136637$w03F15$938230
=653  \0$aklavecimbel+cello=bc$376$020136637$w03F15$933528
=653  \0$arecitatief$327, 534, 557, 598-600, 619, 620, 656-666, 673, 674, 677-681, 698-701, 769-796, 802-806, 822-824, 950, 951$020136637$w03F15$938285
=653  \0$arecitatief en bc$3673, 674, 769-796, 950$020136637$w03F15$938289
=653  \0$aKuhnau, J.$3840, 841, nota$020136637$w03F15$933783
=653  \0$aScarlatti, A.$3797-836, 855, 933, 934, 954$020136637$w03F15$938789
=653  \0$aScarlatti, D.$3797$020136637$w03F15$938790
=653  \0$aLotti, A.$3943, 944, 954$020136637$w03F15$934227
=653  \0$aSchleiffer$3527$020136637$w03F15$938872
=653  \0$aMattheson$35, 515, 578, 582, 583, 878, 935, 939$020136637$w03F15$934534
=653  \0$amordent$3529, 534$020136637$w03F15$934868
=653  \\$aafw[isseling] in st[emmen] bc$3140, 152-155, 161, 165, 170, 217, 218, 242, 281, 284, 340-342, 551, 552, 561-564, 566-583, 948$928513$020136637$w03F15
=653  \\$aarpeggio-non arpeggio in één zelfde akkoord$3557$928802$020136637$w03F15
=653  \\$aartistiek bc-spel$3521-583$928825$020136637$w03F15
=653  \\$abc en melodie in R[echter] H[and]$3543-583$929259$020136637$w03F15
=653  \\$aBoivin$393, 938$020136637$w03F15$929737
=653  \\$aervaring$321-24, 521, 522$931524$020136637$w03F15
=653  \\$afuga inzet$3515, 516$931943$020136637$w03F15
=653  \\$aGasparini$391-93, 195, 530, 534, 733, 739, 762-764, 765, 767, 918, 947, 960$932014$020136637$w03F15
=653  \\$agepunteerde Schleiffer$3528$932125$020136637$w03F15
=653  \\$agoede/slechte noten in maat$3258-378$932253$020136637$w03F15
=653  \\$agoûts réunis$310-12$932306$020136637$w03F15
=653  \\$ahoogste toon in R[echter] H[and] en bc$3548-551$932916$020136637$w03F15
=653  \\$aL[inker]st[em] in oktaven bij bc$3131, 136, 393, 476, 477, 480, 489, 519, 520$933832$020136637$w03F15
=653  \\$alange basnoot en diverse becijfering in recitatief$3776-782, 958$933890$020136637$w03F15
=653  \\$alange/korte noten in maat$3258-378$933900$020136637$w03F15
=653  \\$alengte van voorslag$3527, 528$934044$020136637$w03F15
=653  \\$aLindner, E.$3voorwoord (ii)$934131$020136637$w03F15
=653  \\$ameerst. bc$396, 130-137$934598$020136637$w03F15
=653  \\$aoktaaf/kwintparallellen$311-18, 109, 123, 132, 133, 159, 160, 169, 185, 202, 364, 381, 615, 616, 953$935350$020136637$w03F15
=653  \\$aouverture_maat$3348-354$935670$020136637$w03F15
=653  \\$aSchmidt$3960$96315$020136637$w03F15
=653  \\$asolmisatielettergrepen$3106$936345$020136637$w03F15
=653  \\$aSt. Lambert$393, 133$936464$020136637$w03F15
=653  \\$astemvoering en bc$3199$936571$020136637$w03F15
=653  \\$atechniek en bc-spel$395, 96$936769$020136637$w03F15
=653  \\$atoonherhaling in basn[oten] becijferde bas$3377, 378, 573-577$937027$020136637$w03F15
=653  \\$atransities van terts$3522, 524, 525$937070$020136637$w03F15
=653  \\$averanderen van basnoot d.m.v. diminutie$3565$937392$020136637$w03F15
=653  \\$averschil lengte voorslag vocaal-instr.$3528$937466$020136637$w03F15
=653  \\$avervolmaking v/d becijfering$3187$937512$020136637$w03F15
=653  \\$avoorhouding-oplossing$3585, 587, 705, 724, 771, 950$937747$020136637$w03F15
=653  \\$aW[ohl] T[empirtes] Cl[avier]$3837-934, 958, 959$937823$020136637$w03F15
=856  \\$uhttps://www.digitale-sammlungen.de/en/view/bsb10527256?page=,1$3IIIF
=856  \\$uhttps://api.digitale-sammlungen.de/iiif/presentation/v2/bsb10527256/manifest$3IIIF manifest
=942  \\$cBOO
=952  \\$00$10$2ddc$40$6KTS_1_000000000000000_C1_67_03F15$70$8RAR$9452$aORPH$bORPH$cKTS1_C1$d2020-07-08$eKoopman$oKTS1 C1.67 03F15$p20136637$r2021-01-12 00:00:00$v2000.00$w2021-01-12$yBOO
=999  \\$d452

