=LDR  01634aam a2200265   4500
=001  453
=008  220107s1684\\\\|||af|||\||||\00|\h\lat\d
=041  \\$alat
=245  \\$aSatyræ
=260  \\$aAmsterdam$bWetsten$c1684
=300  \\$a[xliv]-525-[93]-112-[18] pages$bfrontispiece in red and black ink
=336  \\$aprinted
=500  \\$asee also 01D20 and 05B03 for different Dutch editions
=500  \\$aJuvenal's Satires is a series of 16 satirical poems, divided between 5 books. The poems meditate on life in Rome under the Emperor Domitian, and his successors. The Satires are especially well known for their uniquely caustic style, which is often contrasted with the urbane and witty style of Juvenal’s predecessor, Horace.
=590  \\$aCum Veteris Scholastiae, & Variorum Commentariis
=648  \0$aClassical Antiquity (8th Century BC-6th Century AD)$1http://www.wikidata.org/entity/Q486761$921435
=648  \0$a17th Century (1601-1700)$1http://www.wikidata.org/entity/Q7016$920923
=650  \0$aPoetry$1http://www.wikidata.org/entity/Q482$93026
=650  \0$aSatire$1http://www.wikidata.org/entity/Q128758$921636
=700  \\$4aut$aJuvenalis, Decimus Junius$d55-after 128$1http://www.wikidata.org/entity/Q193800$95004
=700  \\$4aut$aPersius Flaccus, Aulus$d34-62$1http://www.wikidata.org/entity/Q332785$94852
=700  \\$4ann$aSchrevel, Cornelis$d1608-1664$1http://www.wikidata.org/entity/Q377100$94853
=942  \\$cBOO
=952  \\$00$10$2ddc$40$6KTS_1_000000000000000_C1_67_03F16$70$8RAR$9453$aORPH$bORPH$cKTS1_C1$d2020-07-08$eKoopman$i03F16$oKTS1 C1.67 03F16$p20138173$r2021-01-12 00:00:00$w2021-01-12$yBOO
=999  \\$d453

