=LDR  01052aam a2200241   4500
=001  456
=008  220107r17341657|||af|||\||||\00|\0\por\d
=041  \\$apor
=100  \\$aMacedo, João Campelo de$4aut$95218
=245  \\$aThezouro de ceremonias
=260  \\$aLisbon$bDuarte da Matta$c1734
=300  \\$a[xv]-642-[139] pages
=336  \\$aprinted
=534  \\$aOriginal version published in 1657
=648  \0$a17th Century (1601-1700)$1http://www.wikidata.org/entity/Q7016$920923
=648  \0$a18th Century (1701-1800)$1http://www.wikidata.org/entity/Q7015$920899
=650  \0$aReligion$1http://www.wikidata.org/entity/Q9174$93062
=650  \0$aLiturgy$1http://www.wikidata.org/entity/Q172331$92284
=650  \0$aPrayer$1http://www.wikidata.org/entity/Q40953$921486
=651  \0$aLisbon (Portugal)$1http://www.wikidata.org/entity/Q597$9249
=942  \\$cBOO
=952  \\$00$10$2ddc$40$6KTS_1_000000000000000_C1_68_03F19$70$8RAR$9456$aORPH$bORPH$cKTS1_C1$d2020-07-08$eKoopman$i03F19$oKTS1 C1.68 03F19$p20138177$r2021-01-12 00:00:00$w2021-01-12$yBOO
=999  \\$d456

