=LDR  01562adm a2200301   4500
=001  459
=008  210304n\\\\\\\\be\||p|||||||\00|\0\ita\d
=041  \\$aita
=059  \\$ahpd
=100  \\$aMayr, Johannes$d1763-1845$4cmp$912670
=245  \\$aNei mistieri [sic] Eleusini: Sinfonia$bridota [sic] per il Cembalo
=246  \1$aSinfonia del Sig. Simon Majer nei misteri Eleusini
=246  \1$aNei misteri Eleusini: Sinfonia
=260  \\$aItaly [?]$cafter 1802
=300  \\$a13 pages
=533  \\$aDigitized by iGuana, Spring 2022
=534  \\$aGiovanni Simone Mayr's 'I Misteri eleusini' premiered at the Teatro alla Scala, Milan, 6 January 1802
=610  \0$aTeatro alla Scala (Milan, Italy)$1http://www.wikidata.org/entity/Q5471$924575
=648  \0$a18th Century (1701-1800)$1http://www.wikidata.org/entity/Q7015$920899
=650  \0$aOverture$1http://www.wikidata.org/entity/Q202287$921591
=650  \0$aArrangement$1http://www.wikidata.org/entity/Q379755$94282
=650  \0$aKeyboard music$1http://www.wikidata.org/entity/Q105715630$921412
=650  \0$aHarpsichord$1http://www.wikidata.org/entity/Q81982$92125
=856  \\$uhttps://uv-v4.netlify.app/#?manifest=https://sharedcanvas.be/IIIF/manifests/1ae0164e-4a58-11ed-b746-9ef6d2289b76$3IIIF
=856  \\$uhttps://sharedcanvas.be/IIIF/manifests/1ae0164e-4a58-11ed-b746-9ef6d2289b76$3IIIF manifest
=942  \\$cMS
=952  \\$00$10$2ddc$40$6KTS_1_000000000000000_C1_44_03G01$70$8RAR$9459$aORPH$bORPH$cKTS1_C1$d2020-07-08$eKoopman$oKTS1 C1.44 03G01$p20136048$r2021-01-12 00:00:00$w2021-01-12$yMS
=999  \\$d459

