=LDR  00970    a2200217   4500
=001  462
=008  210304s1845\\\\be\|||||\||||\00|\0\ger\d
=041  \\$ager
=059  \\$aSATB
=100  \\$aLobwasser, Ambrosius$d1515-1585$4aut$1http://www.wikidata.org/entity/Q73956$95226
=245  \\$aPsalmen Davids
=260  \\$aAmsterdam$bs.n.$c1845
=300  \\$a104 pages
=500  \\$aAmbrosius Lobwasser (1515-1585) was a Saxon humanist. His metrical psalter became the standard psalm book in the protestant churches of the German-speaking region.
=561  \\$aOriginally published in 1573
=590  \\$aHandschrift naar 1646 geschreven in 1845
=650  \0$aPoetry$1http://www.wikidata.org/entity/Q482$93026
=650  \0$aPsalm$1http://www.wikidata.org/entity/Q12497663$92164
=942  \\$cMS
=952  \\$00$10$2ddc$40$6KTS_1_000000000000000_C1_44_03G04$70$8RAR$9462$aORPH$bORPH$cKTS1_C1$d2020-07-08$eKoopman$oKTS1 C1.44 03G04$p20136047$r2021-01-12 00:00:00$w2021-01-12$yMS
=999  \\$d462

