=LDR  01035aam a2200241   4500
=001  467
=008  211027q18xx\\\\||||||||\||||\00|\0\\\\\d
=041  \\$ager
=059  \\$apf
=100  \\$aMüller, August Eberhard$4aut$4cmp$95230
=245  \\$aGroße Fortepiano-Schule
=250  \\$a8th ed.
=260  \\$aCopenhagen$bLose
=300  \\$a[v]-320-[1] pages
=500  \\$aAugust Eberhard Müller arranged the keyboard reduction of Mozart's 'Don Giovanni' (Vienna: Steiner, 1810)
=534  \\$aOriginally published in 1804
=648  \0$a19th Century (1801-1900)$1http://www.wikidata.org/entity/Q6955$920935
=650  \0$aMethod$1http://www.wikidata.org/entity/Q2250960$921402
=650  \0$aPiano$1http://www.wikidata.org/entity/Q5994$92127
=700  \\$4aut$4cmp$aCzerny, Carl$d1791-1857$1http://www.wikidata.org/entity/Q215333$96032
=942  \\$cBOO
=952  \\$00$10$2ddc$40$6KTS_1_000000000000000_C1_44_03G09$70$8RAR$9467$aORPH$bORPH$cKTS1_C1$d2020-07-08$eKoopman$oKTS1 C1.44 03G09$p20137529$r2021-01-12 00:00:00$w2021-01-12$yBOO
=999  \\$d467

