=LDR  01791aam a2200289   4500
=001  468
=005  20250926093220.0
=008  210817s1827\\\\||||||||\||||\00|\0\dut\d
=041  \\$adut
=100  \\$aJelgerhuis, Johannes$d1770-1836$4aut$1http://www.wikidata.org/entity/Q2741199$95231
=245  \\$aTheoretische lessen over de gesticulatie en mimiek
=246  \1$aGesticulatie en mimiek
=250  \\$a1st ed.
=260  \\$aAmsterdam$bMeyer Warnars$c1827
=300  \\$a2 volumes (274+[158] pages)$b79 plates
=500  \\$aImportant treatise by the actor and painter Johannes Jelgerhuis (1770-1836)
=533  \\$aDigitized by iGuana, Spring 2025.
=590  \\$agegeven aan de kweekelingen van het fonds ter opleiding en onderrigting van tooneel-kunstenaars aan den Stadsschouwburg te Amsterdam. Door J. Jelgerhuis, Rz. Acteur, en lid van het fonds aan voornoemde Schouwburg, en van de Koninklijke Academie der Beeldende Kunsten aldaar.
=610  \0$aStadsschouwburg Amsterdam (Netherlands)$1http://www.wikidata.org/entity/Q1817103$921020
=648  \0$a19th Century (1801-1900)$1http://www.wikidata.org/entity/Q6955$920935
=650  \0$aGesticulation$1http://www.wikidata.org/entity/Q1519539$922031
=650  \0$aFacial expression$1http://www.wikidata.org/entity/Q327968$922036
=856  \\$uhttps://www.dbnl.org/tekst/jelg001theo01_01/$3Digital Library for Dutch Literature (DBNL)
=942  \\$cBOO
=952  \\$00$10$2ddc$3Tekst$40$6KTS_1_000000000000000_C1_44_03G10$70$8RAR$9468$aORPH$bORPH$cKTS1_C1$d2020-07-08$eKoopman$oKTS1 C1.44 03G10$p20137160$r2021-01-12 00:00:00$w2021-01-12$yBOO
=952  \\$00$10$2ddc$3Platen$40$6KTS_1_000000000000000_C1_44_03G10$70$8RAR$920472$aORPH$bORPH$cKTS1_C1$d2020-07-08$eKoopman$oKTS1 C1.44 03G10$p20137167$r2021-08-17 00:00:00$w2021-01-12$yBOO
=999  \\$d468

