=LDR  21003aam a2203637   4500
=001  469
=008  211027s1795\\\\|||fga||\||||\00|\0\dut\d
=041  \\$adut
=100  \\$aVerschuere Reijnvaen, Joos$d1737-1808$4aut$1http://www.wikidata.org/entity/Q11927169$95830
=245  \\$aMuzijkaal kunst-woordenboek, $bbehelzende de verklaaringen als mede het gebruik en de kracht der kunstwoorden, die in de muzijk voorkomen
=260  \\$aAmsterdam$bBrave$c1795
=300  \\$axxii-[ii]-618 pages$b40 plates, musical examples, charts, illustrations
=336  \\$aprinted
=500  \\$aJoos Verschuere Reynvaan was a Dutch composer , music writer, organist, carillonneur and doctor of law from the University of Harderwijk. On the cover of one of his works is the title of practicing lawyer (practiserend advocaat). His Musykaal konsworden boeck was the first Dutch work of its kind (Middelburg, 1789), which he did not finish, but later he wrote another work on the same subject, the first part of which it was printed in Amsterdam (1795), but it could not finish this work either. He also composed Cathechismus der Musik (Amsterdam, 1788), in which the author's name appears written Reynwaen. Of his compositions, only three piano sonatas were published.

=561  \\$aEx Libris J. Martin, S. Heuckeroth, Amsterdam (Stamp)
=648  \0$a18th Century (1701-1800)$1http://www.wikidata.org/entity/Q7015$920899
=650  \0$aMusic theory$1http://www.wikidata.org/entity/Q193544$92662
=650  \0$aDictionary$1http://www.wikidata.org/entity/Q23622$921580
=651  \0$aNetherlands$1http://www.wikidata.org/entity/Q55$9173
=653  \0$a(in)égal$3466$020137532$w03G11$928345
=653  \0$aa =$37, 8, 112,188, 218, 413, 432, 566$020137532$w03G11$928388
=653  \0$aa capella$33, 103$020137532$w03G11$928392
=653  \0$aaccentuatie in maat$34, 5$020137532$w03G11$928445
=653  \0$aacciaccatura$36, 55$020137532$w03G11$928450
=653  \0$aad lib. bezetting$315, 16, 76$020137532$w03G11$928471
=653  \0$aadagio$313-15$020137532$w03G11$928477
=653  \0$aademhalen$356$020137532$w03G11$928491
=653  \0$aafwisseling$3179, 180, 309, 337$020137532$w03G11$928514
=653  \0$aakoestiek$313, 222$020137532$w03G11$928552
=653  \0$aAllegri, G.$3522, 523$020137532$w03G11$928605
=653  \0$aallemande$322$020137532$w03G11$928608
=653  \0$aaltviool$3371$020137532$w03G11$928631
=653  \0$aandante$336-39, 124$020137532$w03G11$928683
=653  \0$aandantino$3438$020137532$w03G11$928684
=653  \0$aangélique$341$020137532$w03G11$928700
=653  \0$aapollon$345$020137532$w03G11$928732
=653  \0$aappogiatura$34, 5, 49, 60, Pl. I$020137532$w03G11$928742
=653  \0$aaria$352$020137532$w03G11$928766
=653  \0$aarpeggio$353, 54, 73, 74, 368, 369$020137532$w03G11$928797
=653  \0$aarpicordo$353. 54. 369$020137532$w03G11$928806
=653  \0$aartikulatie$35, 52, 60 (pl. I), 123, 193, 194, 220, 240, 330 afb., 441, 442, 450, 451, 493, 516$020137532$w03G11$928817
=653  \0$aassai$356$020137532$w03G11$928838
=653  \0$aBach, J.S.$3614$020137532$w03G11$928929
=653  \0$abezetting_vocaal$3410, 411$020137532$w03G11$929535
=653  \0$abarok$365, 66$020137532$w03G11$929091
=653  \0$aBlankenburg, Q. van $3503, 613$020137532$w03G11$929619
=653  \0$ablokfluit$378, 79, 301 + afb., 302, 304, 305$020137532$w03G11$929645
=653  \0$aboekhandel$34, 5$020137532$w03G11$929693
=653  \0$abeiaard$393, 106, 107, 420-432$020137532$w03G11$929377
=653  \0$abranle$383$020137532$w03G11$929886
=653  \0$aBrossard, S. de $3X, 25, 166, 572, 613$020137532$w03G11$929963
=653  \0$aBurney, C.$3599$020137532$w03G11$930058
=653  \0$acadens$33, 87-91, 105, 448, 449$020137532$w03G11$930106
=653  \0$acanon$394-96, 325, 396$020137532$w03G11$930183
=653  \0$acantate$397$020137532$w03G11$930188
=653  \0$acapriccio$3292$020137532$w03G11$930224
=653  \0$acastraten$3107, 609, 610, 615$020137532$w03G11$930282
=653  \0$acavatina$3108, 109$020137532$w03G11$930331
=653  \0$acello$332, 69, 70, 73, 215$020137532$w03G11$930344
=653  \0$amuziek = $3580-609$020137532$w03G11$934994
=653  \0$achaconne$3133$020137532$w03G11$930385
=653  \0$amuziekautomaten$3200, 426-432, 426 afb$020137532$w03G11$935067
=653  \0$acister$3118 + pl. vii + pl. viii, 125, 139-141 (pl. x), 325 + afb.$020137532$w03G11$930490
=653  \0$aClérambault$3614$020137532$w03G11$930545
=653  \0$acomponeren$3107, 160, 161, 176, 218, 267, 281, 449$020137532$w03G11$930621
=653  \0$acon discretione$359, 162$020137532$w03G11$930648
=653  \0$aconcerten$33, 167$020137532$w03G11$930655
=653  \0$aconservatorium$3171$020137532$w03G11$930674
=653  \0$acontinuo$36, 7-10, 11, 51, 54, 68, 70, 71, 125, 134, 135, 174, 183, 238, 273, 306, 335, 336, 348-351, 463, 553, 554$020137532$w03G11$930685
=653  \0$acontrabas$369, 70, 174, 175, 252$020137532$w03G11$930692
=653  \0$acontrapunt$3176-179, 181, 252, 262, 313-327, 393, 396$020137532$w03G11$930699
=653  \0$aCorelli, A.$322, 23, 167, 306, 363, 442, 613, 614$020137532$w03G11$930736
=653  \0$aoratorium$3256$020137532$w03G11$935450
=653  \0$aCouperin, F.$3614$020137532$w03G11$930793
=653  \0$acourante$3192$020137532$w03G11$930805
=653  \0$acrescendo / decrescendo$311, 91, 92, 195, 196, 212, 235$020137532$w03G11$930844
=653  \0$aorgelregistratie$3392, 414-419$020137532$w03G11$935575
=653  \0$aoud-nieuw$3503, 614$020137532$w03G11$935651
=653  \0$aoude muziek vroeger$342, 597$020137532$w03G11$935658
=653  \0$adiminuties$313, 84, 156, 236, 297, 299$020137532$w03G11$931087
=653  \0$adirigent$374, 103, 104, 201, 272, 409, 447, 484, 491$020137532$w03G11$931092
=653  \0$adoedelzak$3118, 186, 254, 346, 393, 579, 616 afb., 616-618$020137532$w03G11$931125
=653  \0$apassacaglia$3133$020137532$w03G11$935786
=653  \0$adouble$3251, 254$020137532$w03G11$931169
=653  \0$apedaalklavichord$3143, 144 afb, 148$020137532$w03G11$935822
=653  \0$adrukfouten$3ixi, xxi, xxiii, xxiv$020137532$w03G11$931221
=653  \0$adubbelslag$333 afb., 347, 351 afb$020137532$w03G11$931248
=653  \0$adulciaan$372, 80 + afb. iii, 248, 259, 288$020137532$w03G11$931287
=653  \0$apianoforte$3116, 309$020137532$w03G11$935944
=653  \0$adwarsfluit$37, 8, 32, 116, 262, 263 + afb, 300, 312, 303 + afb., 305$020137532$w03G11$931340
=653  \0$adynamiek$315, 16, 29, 34, 216, 248, 254, 255, 272, 284, 286, 308, 309, 310, 399, 449, 515, 516, 517$020137532$w03G11$931346
=653  \0$aPleyel$357, 76, 614$020137532$w03G11$936028
=653  \0$aecho effect$3204-206$020137532$w03G11$931371
=653  \0$aemoties$318, 19, 161, 249, 410, 435, 439, 467, 514, 593$020137532$w03G11$931445
=653  \0$aenharmoniek$3270-272, 337, 338, 339, 397, 542, 600, 601$020137532$w03G11$931476
=653  \0$aentréeprijs$3408, 409, 410$020137532$w03G11$931492
=653  \0$afagot$333, 67, 70, 72 + pl. ii (2x), 80 + pl. iii, 81, 194, 287, 288 + afb.$020137532$w03G11$931585
=653  \0$afalset$397, 290, 293, 300, 301$020137532$w03G11$931595
=653  \0$afalso bordone$3289$020137532$w03G11$931599
=653  \0$apsalterium$362, 350 + afb, 357$020137532$w03G11$936252
=653  \0$apubliek$383, 408$020137532$w03G11$936257
=653  \0$aPurcell, H.$3613$020137532$w03G11$936282
=653  \0$afermate$3191, 295, 336$020137532$w03G11$931664
=653  \0$aflageolet$3301$020137532$w03G11$931739
=653  \0$aflageolet op strijkinstr.$3301, 361, 362, 444$020137532$w03G11$931741
=653  \0$asordine$3164$020137532$w03G11$936367
=653  \0$asotto voce$3517$020137532$w03G11$936384
=653  \0$aforlane$3307$020137532$w03G11$931824
=653  \0$aStamitz, A. $3446, 614$020137532$w03G11$936502
=653  \0$aStanley, J.$3614$020137532$w03G11$936511
=653  \0$astemmen van instrumenten$3273$020137532$w03G11$936548
=653  \0$astemmutatie$3151$020137532$w03G11$936560
=653  \0$astemomvang$370, 151$020137532$w03G11$936561
=653  \0$astemvork$37$020137532$w03G11$936573
=653  \0$afraseren$3117, 311, 312$020137532$w03G11$931895
=653  \0$afurioso$3238$020137532$w03G11$931951
=653  \0$agagliarda$3330, 331$020137532$w03G11$931973
=653  \0$agamba$365, 67, 116$020137532$w03G11$931995
=653  \0$agavotte$3333, 334$020137532$w03G11$932051
=653  \0$aGeigenwerk$3116, 142, 143$020137532$w03G11$932083
=653  \0$aGeminiani$3614$020137532$w03G11$932109
=653  \0$agenie$376$020137532$w03G11$932120
=653  \0$atemperatuur$37, 8, 45, 144, 157, 158, 216, 217, 560, 565-568$020137532$w03G11$936807
=653  \0$atempo$313-15, 18-20, 22-29, 31, 34, 36-42, 51, 53, 55-57, 59-61, 84, 85, 86, 87, 103, 133, 158, 159, 161, 162, 163-164$020137532$w03G11$936814
=653  \0$atempo$3174, 185, 192, 234, 235, 239, 246, 254, 272, 282, 296, 310, 311, 321, 328, 331, 337, 340, 344, 357, 397, 435, 436, 437, 438, 439, 440, 443, 445, 446, 447, 450, 452, 465, 466, 467, 483, 484, 487, 488, 493, 499, 504, 514, 520-522, 530, 554, 555, 573-577$020137532$w03G11$936814
=653  \0$agigue$393, 339$020137532$w03G11$932187
=653  \0$agitaar$3118, 125, 140, 351 + afb, 352, 404$020137532$w03G11$932207
=653  \0$atoevoegen van trillers etc$320, 156, 157, 341, 459$020137532$w03G11$936988
=653  \0$aGoudimel, Cl. $3333$020137532$w03G11$932294
=653  \0$agoût$3341, 354, 355$020137532$w03G11$932303
=653  \0$aGraun$3614$020137532$w03G11$932339
=653  \0$atransposing double$3112, 113$020137532$w03G11$937074
=653  \0$aGretry$3614$020137532$w03G11$932386
=653  \0$agroppo$3346, 347, 515$020137532$w03G11$932429
=653  \0$atrillo$3124$020137532$w03G11$937161
=653  \0$atritonus$3288, 289$020137532$w03G11$937178
=653  \0$atromba marina$3586$020137532$w03G11$937183
=653  \0$atrombone$375, 85, 347$020137532$w03G11$937186
=653  \0$atrompet$333, 85, 142$020137532$w03G11$937194
=653  \0$aharp$3139, 207, 208 + afb., 363-369, 472, 473$020137532$w03G11$932582
=653  \0$ahars$3156$020137532$w03G11$932594
=653  \0$aHasse$3614$020137532$w03G11$932603
=653  \0$aHaydn, J.$376, 411, 614$020137532$w03G11$932639
=653  \0$avibrato$361, 62, 73, 102?, 164?, 312$020137532$w03G11$937531
=653  \0$ahobo$332, 33, 72, 287, 369, 370, 372$020137532$w03G11$932805
=653  \0$ahoboriet$3370 afb.$020137532$w03G11$932814
=653  \0$ahoorn$333, 87, 182, 188 + afb, 188-190, 435$020137532$w03G11$932928
=653  \0$ahornpipe$3266, 267, 379$020137532$w03G11$932943
=653  \0$avirginaal$3111, 115, 579$020137532$w03G11$937629
=653  \0$aimprovisatie$3121, 122, 295, 319, 394, 551-553$020137532$w03G11$933059
=653  \0$ainterpretatie$3284, 285, 309, 337, 602$020137532$w03G11$933100
=653  \0$aitaliaanse invloed in Nederland$3354$020137532$w03G11$933148
=653  \0$aWagenseil$3614$020137532$w03G11$937831
=653  \0$awaterorgel$3380$020137532$w03G11$937876
=653  \0$aJust$3614$020137532$w03G11$933270
=653  \0$akerktoonsoorten$358, 59, 159, 170, 171, 221, 250, 251, 312-391, 394, 403, 468, 528, 531-541, 544-547$020137532$w03G11$933376
=653  \0$akieltjes$376, 77, 113$020137532$w03G11$933396
=653  \0$aklarinet$37, 33, 118-120 (pl. ix), 141, 142 + afb. xi, 419 afb$020137532$w03G11$933442
=653  \0$aklavecimbel (Duitsland 18e eeuw)$3573$020137532$w03G11$933453
=653  \0$aklavecimbel (Ned. 17e eeuw)$3579$020137532$w03G11$933458
=653  \0$aklavecimbel (Ned. 18e eeuw)$332, 54, 66, 70, 77, 111-116, 142, 143, 273$020137532$w03G11$933459
=653  \0$azink$3186 + afb, 187, 188$020137532$w03G11$938157
=653  \0$azuiverheid$37, 8, 144, 220, 221, 412$020137532$w03G11$938176
=653  \0$aklavecimbel_snaren$3357, 489$020137532$w03G11$933513
=653  \0$aklavichord (Ned. 18e eeuw)$362, 143-148, 485, 490$020137532$w03G11$933555
=653  \0$arecitatief$3211, 600, 607$020137532$w03G11$938285
=653  \0$aregaal$3412$020137532$w03G11$938302
=653  \0$akoor/orkestbezetting$3103, 126, 127, 129, 166, 192, 193, 220, 343, 410, 411, 494, 495, 513$020137532$w03G11$933678
=653  \0$aRosetti$3614$020137532$w03G11$938561
=653  \0$aRousseau, J.J.$3x, xi, 25, 613$020137532$w03G11$938595
=653  \0$aRuckers$312$020137532$w03G11$938619
=653  \0$aRuppe$3614$020137532$w03G11$938643
=653  \0$aLeeuw, C. de$3333$020137532$w03G11$933980
=653  \0$asaltarello$3331$020137532$w03G11$938720
=653  \0$asarabande$3198$020137532$w03G11$938753
=653  \0$alesgeld$3xiv-xvi$020137532$w03G11$934067
=653  \0$alesgeven$3xiv-xvi, xviii$020137532$w03G11$934068
=653  \0$aschalmei$3248, 249$020137532$w03G11$938803
=653  \0$aloure$3393, 465$020137532$w03G11$934236
=653  \0$aluit$351, 92, 125, 139, 459-463, 469 afb.$020137532$w03G11$934262
=653  \0$aluitregister op klavecimbel$354$020137532$w03G11$934268
=653  \0$aLully$3614$020137532$w03G11$934271
=653  \0$aLustig$3x, 65, 281, 478, 503, 570, 599, 614$020137532$w03G11$934288
=653  \0$aLuther$3596$020137532$w03G11$934294
=653  \0$aserpent$333, 70, 187$020137532$w03G11$939067
=653  \0$asiciliano$3440$020137532$w03G11$939098
=653  \0$aslagwerk$373, 91, 107 pl. 5, 412, 413$020137532$w03G11$939152
=653  \0$aMarpurg$3570$020137532$w03G11$934481
=653  \0$amars$349, 493$020137532$w03G11$934486
=653  \0$aMattheson$3503, 613$020137532$w03G11$934534
=653  \0$amensuurtekens$3109, 110, 116, 117, 135-138, 525-527, 547-550$020137532$w03G11$934669
=653  \0$amenuet$3133, 205, 520-522$020137532$w03G11$934673
=653  \0$ametronoom$3132, 133, 514$020137532$w03G11$934713
=653  \0$aMondonville$3361$020137532$w03G11$934813
=653  \0$amonochord$396, 505, 554-568, 568 afb$020137532$w03G11$934823
=653  \0$amordent$35, 73, 76, 86 (pl.iv), 367, 569, 570, 618 afb.$020137532$w03G11$934868
=653  \0$amusette$3580$020137532$w03G11$934965
=653  \\$aamphion$335$928666$020137532$w03G11
=653  \\$aanticipatie$342, 43$928717$020137532$w03G11
=653  \\$aApollo$345$922446$020137532$w03G11
=653  \\$aarciviola$351$928758$020137532$w03G11
=653  \\$aArion$352$922447$020137532$w03G11
=653  \\$aarpa doppia$3367$928796$020137532$w03G11
=653  \\$abaarpijp$376$928892$020137532$w03G11
=653  \\$abadinerie$361, 434$929009$020137532$w03G11
=653  \\$abaryton$365$929127$020137532$w03G11
=653  \\$abassanello$367, 68$929144$020137532$w03G11
=653  \\$abasse-contre$368$929158$020137532$w03G11
=653  \\$abeat = $376, 86, pl. iv$929298$020137532$w03G11
=653  \\$abicinium$377$929553$020137532$w03G11
=653  \\$abizzaria$377, 78$929595$020137532$w03G11
=653  \\$abombardone$381$929743$020137532$w03G11
=653  \\$aborea$381$929788$020137532$w03G11
=653  \\$abrunette$384, 85$929991$020137532$w03G11
=653  \\$aburlesca$386$930041$020137532$w03G11
=653  \\$acalando$391, 92$930121$020137532$w03G11
=653  \\$acalliope$392$930135$020137532$w03G11
=653  \\$acanarie$393$930176$020137532$w03G11
=653  \\$achalumeau$3118, 119, 120, pl. ix, 141$930388$020137532$w03G11
=653  \\$achanter sur livre$3121$930399$020137532$w03G11
=653  \\$achelys$3124, 455, 458$930425$020137532$w03G11
=653  \\$acimbaal$3111$930484$020137532$w03G11
=653  \\$aclaviorganum$3149$930538$020137532$w03G11
=653  \\$acol legno$3155$930574$020137532$w03G11
=653  \\$acollascione / calchedon / calichon$392 + pl. V, 155$930593$020137532$w03G11
=653  \\$acopieren$3181, 182$930723$020137532$w03G11
=653  \\$adilletant$331$931082$020137532$w03G11
=653  \\$aDouwes, Klaas$3361, 565$917641$020137532$w03G11
=653  \\$adraailier$3458 afb$931190$020137532$w03G11
=653  \\$aduim op boventoets$347$931271$020137532$w03G11
=653  \\$adwarsfluit_tussenstuk$37, 8$931344$020137532$w03G11
=653  \\$aEem, van $3614$931389$020137532$w03G11
=653  \\$aelevatione$3268, 269, 447$931422$020137532$w03G11
=653  \\$afandango$3290, 291$931602$020137532$w03G11
=653  \\$afanfare$3291$931603$020137532$w03G11
=653  \\$afantasia$3292, 293$931604$020137532$w03G11
=653  \\$aflattement$3301, 330 afb$931749$020137532$w03G11
=653  \\$afolia$3506$931797$020137532$w03G11
=653  \\$aGraaf$3614$932308$020137532$w03G11
=653  \\$aHändel na dood$3407, 408, 409, 410, 411, 614$932532$020137532$w03G11
=653  \\$ahexachordnotatie$3616$932765$020137532$w03G11
=653  \\$ahoofdnoottriller$373, 126, 202 pl. xiv$932889$020137532$w03G11
=653  \\$ahuisorgel (nederland 18e eeuw)$387$932982$020137532$w03G11
=653  \\$alituus$3459$934159$020137532$w03G11
=653  \\$alosse snaren$311, 12, 60, 185$934218$020137532$w03G11
=653  \\$aloterij$3465$934223$020137532$w03G11
=653  \\$alouver$3466$934239$020137532$w03G11
=653  \\$alyra da braccio$3459$934310$020137532$w03G11
=653  \\$amacht van muziek$3544$934342$020137532$w03G11
=653  \\$amadrigaal$3483$934349$020137532$w03G11
=653  \\$amaestro al cembalo$3273$934353$020137532$w03G11
=653  \\$amandoline$3489 + afb$934419$020137532$w03G11
=653  \\$amandora$3351 + afb., 352, 489$934420$020137532$w03G11
=653  \\$amensuur van orgelpijpen$3504, 505-511$934667$020137532$w03G11
=653  \\$amezzo circulo$3515, 618 afb$934740$020137532$w03G11
=653  \\$amoeder en kind virginaal$3115$934796$020137532$w03G11
=653  \\$amordent op ondersecunde$373, 86 pl. iv$934872$020137532$w03G11
=653  \\$amoresca$3572$934883$020137532$w03G11
=653  \\$aMozart, Leopold$35, 347, 515, 570$912887$020137532$w03G11
=653  \\$amusicus$3610-615$934976$020137532$w03G11
=653  \\$amuziek en geneeskunst$3544, 592, 593, 594$935002$020137532$w03G11
=653  \\$aoefenklavier bij beiaard$3426$935334$020137532$w03G11
=653  \\$aopera$3256, 399, 400$935411$020137532$w03G11
=653  \\$apanfluit$3305$935736$020137532$w03G11
=653  \\$aPergolesi$3614$935854$020137532$w03G11
=653  \\$aPichl$334, 437, 444$935964$020137532$w03G11
=653  \\$apipe and tabor$3296, 305$935990$020137532$w03G11
=653  \\$apizzicato$3437, 446$936007$020137532$w03G11
=653  \\$apommer$372, 80 + pl. iii, 81$936064$020137532$w03G11
=653  \\$aprima vista$315, 22, 29, 49, 404$936203$020137532$w03G11
=653  \\$aproefspel$3168, 319$936218$020137532$w03G11
=653  \\$aRademacher, D.$33$936334$020137532$w03G11
=653  \\$aRameau, J.P.$3613, 614$938224$020137532$w03G11
=653  \\$aromanesco$3331$938525$020137532$w03G11
=653  \\$aroverscio$394, 326$938602$020137532$w03G11
=653  \\$asamenstelling vulstemmen$3529$938723$020137532$w03G11
=653  \\$aSauveur$3613$938774$020137532$w03G11
=653  \\$aSchmidt, J.M.$3478$938900$020137532$w03G11
=653  \\$aSchmitt, J.$3411$938904$020137532$w03G11
=653  \\$asforzato$3329$939085$020137532$w03G11
=653  \\$ason filé$3397$936356$020137532$w03G11
=653  \\$asordun$381$936374$020137532$w03G11
=653  \\$aspielerey register op orgel$312, 60, 199, 203, 313, 412-418, 512$936422$020137532$w03G11
=653  \\$astempijp$3395$936564$020137532$w03G11
=653  \\$asub/semitoetsen$3116, 143, 294$936666$020137532$w03G11
=653  \\$aTartini$3614$936748$020137532$w03G11
=653  \\$atekenakademie$3579$936774$020137532$w03G11
=653  \\$atekst$3211$936775$020137532$w03G11
=653  \\$aTelemann$3567$936789$020137532$w03G11
=653  \\$aTil, van $3359, 360, 456, 474, 478, 479, 480, 486$936939$020137532$w03G11
=653  \\$atoonkwaliteit$311, 12, 93, 269$937028$020137532$w03G11
=653  \\$aTours$3614$937050$020137532$w03G11
=653  \\$atr. jettee$388$937054$020137532$w03G11
=653  \\$atrillers etc.$35, 202 afb., 330 afb., 367, 494, 618 afb., 515, 618 afb$937146$020137532$w03G11
=653  \\$atussenspel bij psalmen$3399$937241$020137532$w03G11
=653  \\$aVerschuere Reynbaan, J. $3wb$937477$020137532$w03G11
=653  \\$avingerzetting$346-48, 248$937568$020137532$w03G11
=653  \\$aviola da spalla$3288?$937584$020137532$w03G11
=653  \\$aviolone$3174, 175$937600$020137532$w03G11
=653  \\$aviool$311, 12, 32, 48, 53, 63, 67, 124, 463, 464$937605$020137532$w03G11
=653  \\$avrijheid in recitatief$32, 74, 99, 108, 109, 527$937808$020137532$w03G11
=856  \\$uhttps://www.loc.gov/item/08030092/$3Library of Congress
=856  \\$uhttps://www.loc.gov/item/08030092/manifest.json$3IIIF manifest
=942  \\$cBOO
=952  \\$00$10$2ddc$40$6KTS_1_000000000000000_C1_44_03G11$70$8RAR$9469$aORPH$bORPH$cKTS1_C1$d2020-07-08$eKoopman$oKTS1 C1.44 03G11$p20137532$r2021-01-12 00:00:00$w2021-01-12$yBOO
=999  \\$d469

