=LDR  01897acm a2200301   4500
=001  476
=008  211028s1808\\\\|||||l||\||||\00|\0\dut\d
=041  \\$adut
=059  \\$aSAB org
=100  \\$aRuppe, Christian Friedrich$d1753-1826$4cmp$1http://www.wikidata.org/entity/Q87946$94784
=245  \\$aDerde twaalftal gezangen, gecomponeerd voor drie stemmen
=260  \\$aLeiden$bHerdingh$c1808
=300  \\$a50 pages
=500  \\$aThird of four volumes of evangelical songs. The musical score contains no lyrics; text is noted separately after each song like a poem. No pagination, but the numbering of the hymns continues over the 4 volumes
=500  \\$aChristian Friedrich Ruppe (1753-1826) was a composer and performer who originated from Thüringen and moved to Leiden in 1772, becoming the organist of the Lutheran Church at the Hooglandse Kerkgracht
=500  \\$aContains index of titles, describing the religious function if the song. 
=501  \\$aBound in with 'Twaalf gezangen, gecomponeerd voor drie stemmen', 'Tweede twaalftal gezangen, gecomponeerd voor drie stemmen' and 'Vierde twaalftal gezangen, gecomponeerd voor drie stemmen'
=648  \0$a19th Century (1801-1900)$1http://www.wikidata.org/entity/Q6955$920935
=650  \0$aPoetry$1http://www.wikidata.org/entity/Q482$93026
=650  \0$aPoetry$1http://www.wikidata.org/entity/Q482$93026
=650  \0$aReligion$1http://www.wikidata.org/entity/Q9174$93062
=650  \0$aLute$1http://www.wikidata.org/entity/Q180733$93944
=650  \0$aArticulation$1http://www.wikidata.org/entity/Q372923$922209
=651  \0$aNetherlands$1http://www.wikidata.org/entity/Q55$9173
=773  \\$020495$tC.F. Rupert Gezangen$w20495
=942  \\$cSCO
=952  \\$00$10$2ddc$40$6KTS_1_000000000000000_C1_44_03G16C$70$8RAR$9476$aORPH$bORPH$cKTS1_C1$d2020-07-08$eKoopman$oKTS1 C1.44 03G16c$p20137520c$r2021-01-12 00:00:00$w2021-01-12$ySCO
=999  \\$d476

