=LDR  03292    a2200613   4500
=001  481
=008  210709s1776\\\\\\\|||||\||||\00|\h\eng\d
=041  \\$aeng
=100  \\$aCollier, Joel$d1740-1787$4aut$1http://www.wikidata.org/entity/Q24249978$95239
=245  \\$aMusical Travels through England
=250  \\$a4th ed.
=260  \\$aLondon$bKearsly$c1776
=300  \\$a[x]-102-28 pages
=500  \\$aJoel Collier is the pseudonym of either John Bicknell, George Veal, Thomas Day, Alexander Bicknell or Peter Beckford.
=500  \\$aA satire on Charles Burney's 'The present state of music in France and Italy' and 'The present state of music in Germany, the Netherlands, and London'.
=500  \\$aA later version of 03G20
=590  \\$aby the late Joel Collier, Licentiate in Music
=600  \0$aBurney, Charles$d1726-1814$1http://www.wikidata.org/entity/Q547002$910020
=648  \0$a18th Century (1701-1800)$1http://www.wikidata.org/entity/Q7015$920899
=650  \0$aTravel$1http://www.wikidata.org/entity/Q61509$94440
=650  \0$aSatire$1http://www.wikidata.org/entity/Q128758$921636
=650  \0$aMusic history$1http://www.wikidata.org/entity/Q846047$921373
=651  \0$aUnited Kingdom$1http://www.wikidata.org/entity/Q21$9273
=653  \0$aAllegri$395$020137538$w03G21$928603
=653  \0$aboekprijs$3tp$020137538$w03G21$929701
=653  \0$aBurney, C.$36, 8, 16, 21, 23, 33, 37, 43, 47, 48, 58, 64, 70, 71, 82, 88, 89, 90$020137538$w03G21$930058
=653  \0$aBurney, C.$32, 9, 15, 28$020137538$w03G21_App$930058
=653  \0$aCaffarelli$387$020137538$w03G21$930113
=653  \0$acastraten$310, 13, 44, 74, 88, 90, 96, 97, 99, 101$020137538$w03G21$930282
=653  \0$acastraten$32, 6, 12, 28$020137538$w03G21_App$930282
=653  \0$acresc/decresc$360$020137538$w03G21$930842
=653  \0$adwarsfluit$31$020137538$w03G21$931340
=653  \0$aFarinelli$388$020137538$w03G21$931610
=653  \0$atekstuitspraak$344, 45$020137538$w03G21$936786
=653  \0$aGluck$318, 95$020137538$w03G21$932235
=653  \0$aHaarlem$38, 9$020137538$w03G21_App$932496
=653  \0$aHändel, G.F.$33, 20, 89$020137538$w03G21$932536
=653  \0$aHändel, G.F.$326$020137538$w03G21_App$932536
=653  \0$atrompet$3v, 1$020137538$w03G21$937194
=653  \0$ahobo$312$020137538$w03G21$932805
=653  \0$azuiverheid$360$020137538$w03G21$938176
=653  \0$aluit$31$020137538$w03G21$934262
=653  \0$aserpent$327$020137538$w03G21$939067
=653  \0$aslagwerk$33, 7, 78$020137538$w03G21$939152
=653  \0$aMingotti$390$020137538$w03G21$934769
=653  \\$aCollier, J.$3wb$930596$020137538$w03G21
=653  \\$aCollier, J.$32, 18, 22, 25$930596$020137538$w03G21_App
=653  \\$acriticus$368, 69$930852$020137538$w03G21
=653  \\$aSenesino$388$923785$020137538$w03G21
=653  \\$aTenducci$333, 88$936843$020137538$w03G21
=942  \\$cBOO
=952  \\$00$10$2ddc$40$6KTS_1_000000000000000_C1_07_05F14$70$8RAR$91058$aORPH$bORPH$cKTS1_C1$d2020-07-08$eKoopman$i05F14$oKTS1 C1.07 05F14$p20136586$r2021-01-12 00:00:00$w2021-01-12$yBOO
=952  \\$00$10$2ddc$40$6KTS_1_000000000000000_C1_44_03G21$70$8RAR$920870$aORPH$bORPH$cKTS1_C1$d2020-07-08$eKoopman$i03G21$l0$oKTS1 C1.44 03G21$p20137538$r2021-10-28 00:00:00$w2021-01-12$yBOO
=999  \\$d481

