=LDR  01589    a2200277   4500
=001  485
=008  211102s1773\\\\||||||||\||||\00|\0\swe\d
=041  \\$aswe
=100  \\$aHülphers, Abraham Abrahamson$d1734-1798$4aut$1http://www.wikidata.org/entity/Q5818751$95243
=245  \\$aHistorisk Afhandling om Musik och Instrumenter särdeles om Orgwerks Inrättningen i Allmänhet jemte Kort Beskrifning öfwer Orgwerken i Swerige
=260  \\$as.l.$bHorrn$c1773
=300  \\$a[xxvi]-323-[5] pages$b4 folded pages, engravings
=336  \\$aprinted
=500  \\$aAutograph dedication to Axel Luth
=500  \\$aHülphers was a Swedish writer, musicologist, topographer, and genealogist. He is particularly known for this book which chronicles the musical scene in Sweden during the Age of Liberty (1718-1772), and also provides an extensive music history of organ music in Sweden.
=504  \\$aindex
=561  \\$aEx Libris A. Luth (manuscript)
=648  \0$a18th Century (1701-1800)$1http://www.wikidata.org/entity/Q7015$920899
=650  \0$aOrganology$1http://www.wikidata.org/entity/Q899293$921400
=650  \0$aMusic history$1http://www.wikidata.org/entity/Q846047$921373
=650  \0$aOrgan$1http://www.wikidata.org/entity/Q1444$92810
=651  \0$aSweden$1http://www.wikidata.org/entity/Q34$9275
=856  \\$uhttps://books.google.be/books?id=FhyctQEACAAJ$3Google Books
=942  \\$cBOO
=952  \\$00$10$2ddc$40$6KTS_1_000000000000000_C1_53_03G26$70$8RAR$9485$aORPH$bORPH$cKTS1_C1$d2020-07-08$eKoopman$i03G26$oKTS1 C1.53 03G26$p20137543$r2021-01-12 00:00:00$w2021-01-12$yBOO
=999  \\$d485

