=LDR  00563    a2200157   4500
=001  488
=008  210304b\\\\\\\\be\|||||\||||\00|\0\eng\d
=041  \\$ager
=245  \\$a[Cookbook]
=260  \\$aVienna?$c1930
=300  \\$a183 pages; 3 inserted recipes
=500  \\$a Austrian Cuisine
=942  \\$cMS
=952  \\$00$10$2ddc$40$6KTS_1_000000000000000_C1_53_03H01$70$8RAR$9488$aORPH$bORPH$cKTS1_C1$d2020-07-08$eKoopman$i03H01$l0$oKTS1 C1.53 03H01$p20136046$r2021-01-12 00:00:00$w2021-01-12$yRAR
=999  \\$c488$d488
=650  \0$aCookbook$1http://www.wikidata.org/entity/Q605076$921485

