=LDR  00838    a2200205   4500
=001  490
=008  210308q1684\\\\be\|||||\||||\00|\0\dut\d
=041  \\$adut
=245  \\$aD'oude mode van den nieuwen staat van oorlogh
=260  \\$aNetherlands$bs.n.$c1684 [?]
=300  \\$a12 pages
=336  \\$apamphlet
=336  \\$aprinted
=648  \0$a17th Century (1601-1700)$1http://www.wikidata.org/entity/Q7016$920923
=650  \0$aMilitary history$1http://www.wikidata.org/entity/Q192781$93874
=651  \0$aNetherlands$1http://www.wikidata.org/entity/Q55$9173
=856  \\$uhttps://books.google.be/books?id=hnJLAAAAcAAJ$3Google Books
=942  \\$cEPH
=952  \\$00$10$2ddc$40$6KTS_1_000000000000000_C1_53_03H03$70$8RAR$9490$aORPH$bORPH$cKTS1_C1$d2020-07-08$eKoopman$l0$oKTS1 C1.53 03H03$p20135996$r2021-01-12 00:00:00$w2021-01-12$yEPH
=999  \\$c490$d490

