=LDR  01003aac a2200205   4500
=001  493
=008  211125i18201823\\\|||||\||||\00|\0\eng\d
=245  \\$a[Playbills for concerts in Hull]
=260  \\$aHull$bs.n.$c1820-1823
=300  \\$a9 pages$ball pages folded
=500  \\$aPlaybills of concerts at the Freemasons' Hall, Myton-Gate, Hull
=648  \0$a19th Century (1801-1900)$1http://www.wikidata.org/entity/Q6955$920935
=650  \0$aMusic history$1http://www.wikidata.org/entity/Q846047$921373
=650  \0$aInstitution$1http://www.wikidata.org/entity/Q178706$94241
=650  \0$aFreemasonry$1http://www.wikidata.org/entity/Q41726$926207
=650  \0$aConcert$1http://www.wikidata.org/entity/Q182832$921044
=651  \0$aHull (United Kingdom)$1http://www.wikidata.org/entity/Q128147$923065
=942  \\$cEPH
=952  \\$00$10$2ddc$40$6KTS_1_000000000000000_C1_53_03H06$70$8RAR$9493$aORPH$bORPH$cKTS1_C1$d2020-07-08$eKoopman$i03H06$oKTS1 C1.53 03H06$p20137824$r2021-01-12 00:00:00$w2021-01-12$yEPH
=999  \\$d493

