=LDR  01528aam a2200325   4500
=001  495
=008  211125s1759\\\\||||||||\||||\00|\h\fre\d
=041  \\$afre
=100  \\$aAquin de Chateau-Lyon, Pierre-Louis d'$d1720-1796$4aut$95248
=245  \\$aSatyre sur la corruption du goût et du style
=260  \\$aLiège$bCourbeville$c1759
=300  \\$a[iv]-29 pages
=500  \\$aBoileau-like critique in poetry
=648  \0$a18th Century (1701-1800)$1http://www.wikidata.org/entity/Q7015$920899
=650  \0$aPoetry$1http://www.wikidata.org/entity/Q482$93026
=650  \0$aLiterature$1http://www.wikidata.org/entity/Q8242$94439
=650  \0$aCrescendo$1http://www.wikidata.org/entity/Q2347888$922787
=650  \0$aSatire$1http://www.wikidata.org/entity/Q128758$921636
=650  \0$aTaste$1http://www.wikidata.org/entity/Q1143012$922848
=650  \0$aCampra$314$020137827$930172
=650  \0$aencyclopedie Diderot / d'Alembert$310$020137827$931452
=650  \0$aRameau, J.P.$315, 25$020137827$938224
=650  \0$aRousseau, J.J.$314$020137827$938595
=650  \0$aMetastasio$33$020137827$934709
=651  \0$aLiège (Belgium)$1http://www.wikidata.org/entity/Q3992$9240
=653  \\$aVoltaire$32, 3, 28$95159$020137827$w03H08
=856  \\$uhttps://gallica.bnf.fr/view3if/ga/ark:/12148/bpt6k1087254$3Gallica (IIIF)
=942  \\$cBOO
=952  \\$00$10$2ddc$40$6KTS_1_000000000000000_C1_53_03H08$70$8RAR$9495$aORPH$bORPH$cKTS1_C1$d2020-07-08$eKoopman$oKTS1 C1.53 03H08$p20137827$r2021-01-12 00:00:00$w2021-01-12$yBOO
=999  \\$d495

