=LDR  02722aam a2200301   4500
=001  497
=008  211125s1621\\\\\\\a||||\||||\00|\p\dut\d
=041  \\$adut
=100  \\$aCats, Jacob$d1577-1660$4aut$1http://www.wikidata.org/entity/Q46151$95081
=245  \\$aSelf-Stryd.$bDat is Crachtighe beweginghe van Vleesch ende Gheest
=260  \\$aMiddelburg$bvande Venne$c1621
=300  \\$a[xxxvi]-119 pages$billustrations
=500  \\$aThe text takes the form of a verse dialogue between Joseph and Potiphar's wife, derived from the story in the Biblical book of Genesis, focusing on the themes of  Self-control, Love, Virtues and Vices, as part of the Dutch Social life and customs in the 17th century.
=500  \\$aDecorated title page vignet, engraved frontispiece, and two engraved illustrations. Three illustrations are designed by A. van Venne. The first four are signed by their engravers - F. Schillemans, 'TO'?, 'PS' and [illegible]. The title-page vignette and other decorations are unsigned. The first illustration shows Joseph and Potiphar's wife; the second is an allegory (an animal lying within a circle of stones); the third illustration is cut out: it showed a man and woman walking with musicians; the fourth illustration is cut out: it showed a woman being served a meal; the fifth shows a woman with a churn.
=500  \\$aIncomplete: pages 49-50 and 63-64 are missing (cut out for the illustrations)
=500  \\$aSee 02E01f for a later ed.
=534  \\$aOriginally published in 1620
=590  \\$aPoëtischer wijse verthoont in den persoon ende uytte gheleghentheyt van Joseph, ten tijde hy van Potiphars huys-vrouwe werd versocht tot over-spel. Tweede Druck. Op een nieuw verciert met Copere Platen; over-sien, verbetert, ende vermaedert, by den Auteur, met by-vouginghe van de aff-beeldinghe des Velt-teyckens eenes Christelicken Ionghelincx, alle eerbare Ionghelingen toe-ghe-eyghent. Mitsgaders Schriftmatighe beschrijvinghe van de heymenis ende eyghen
=648  \0$a17th Century (1601-1700)$1http://www.wikidata.org/entity/Q7016$920923
=650  \0$aPoetry$1http://www.wikidata.org/entity/Q482$93026
=650  \0$aBible$1http://www.wikidata.org/entity/Q1845$921581
=650  \0$aMoral education$1http://www.wikidata.org/entity/Q25457248$93171
=650  \0$aHistory$1http://www.wikidata.org/entity/Q309$921403
=651  \0$aNetherlands$1http://www.wikidata.org/entity/Q55$9173
=856  \\$uhttps://www.let.leidenuniv.nl/Dutch/Renaissance/CatsSelfstrydt1625.html$3University of Leiden
=942  \\$cBOO
=952  \\$00$10$2ddc$40$6KTS_1_000000000000000_C1_53_03H10$70$8RAR$9497$aORPH$bORPH$cKTS1_C1$d2020-07-08$eKoopman$oKTS1 C1.53 03H10$p20137828$r2021-01-12 00:00:00$w2021-01-12$yBOO
=999  \\$d497

