=LDR  00853    a2200181   4500
=001  501
=008  210304b\\\\\\\\be\|||||\||||\00|\0\dut\d
=041  \\$adut
=245  \\$aDe belegering van Alkmaar
=260  \\$aNetherlands$bs.n.$c18xx [?]
=300  \\$a69 pages
=500  \\$aThe Siege of Alkmaar (1573) was a turning point in the Eighty Years' War; there was also a Battle of Alkmaar in 1799
=500  \\$apossibly the script of a lecture (see the salutation "Geachte Hoorders!")
=650  \0$aMilitary history$1http://www.wikidata.org/entity/Q192781$93874
=651  \0$aAlkmaar (Netherlands)$1http://www.wikidata.org/entity/Q16977290$921456
=942  \\$cMS
=952  \\$00$10$2ddc$40$6KTS_1_000000000000000_C1_53_03H14$70$8RAR$9501$aORPH$bORPH$cKTS1_C1$d2020-07-08$eKoopman$i03H14$l0$oKTS1 C1.53 03H14$p20136045$r2021-01-12 00:00:00$w2021-01-12$yMS
=999  \\$c501$d501

