=LDR  00707    a2200193   4500
=001  503
=008  210304b\\\\\\\\be\|||||\||||\00|\0\eng\d
=041  \\$ager
=100  \\$aHollaus, Mizzi$95254
=245  \\$aTagebuch
=260  \\$as.l.$c1928
=300  \\$a27 pages
=500  \\$aincome & expenses june 1932 - april 1933
=501  \\$aCookbook for desserts
=942  \\$cMS
=952  \\$00$10$2ddc$40$6KTS_1_000000000000000_C1_53_03H16$70$8RAR$9503$aORPH$bORPH$cKTS1_C1$d2020-07-08$eKoopman$i03H16$l0$oKTS1 C1.53 03H16$p20136043$r2021-01-12 00:00:00$w2021-01-12$yRAR
=999  \\$c503$d503
=650  \0$aCookbook$1http://www.wikidata.org/entity/Q605076$921485
=650  \0$aCookbook$1http://www.wikidata.org/entity/Q605076$921485

