=LDR  00508aam a2200145   4500
=001  505
=008  210304b\\\\\\\\be\|||||\||||\00|\0\eng\d
=041  \\$ager
=245  \\$aLebkuchen, Nougat, Bonbons
=260  \\$as.l.$cs.d.
=300  \\$a76 pages
=650  \0$aCookbook$1http://www.wikidata.org/entity/Q605076$921485
=942  \\$cMS
=952  \\$00$10$2ddc$40$6KTS_1_000000000000000_C1_53_03H18$70$8RAR$9505$aORPH$bORPH$cKTS1_C1$d2020-07-08$eKoopman$l0$oKTS1 C1.53 03H18$p20136041$r2021-01-12 00:00:00$w2021-01-12$yMS
=999  \\$d505

