=LDR  00546    a2200157   4500
=001  508
=008  210304b\\\\\\\\be\|||||\||||\00|\0\eng\d
=041  \\$ager
=245  \\$a[Cookbook]
=260  \\$as.l.$c1902
=300  \\$a94 pages
=500  \\$aAustrian Cuisine (Graz?)
=942  \\$cMS
=952  \\$00$10$2ddc$40$6KTS_1_000000000000000_C1_53_03H21$70$8RAR$9508$aORPH$bORPH$cKTS1_C1$d2020-07-08$eKoopman$i03H21$l0$oKTS1 C1.53 03H21$p20136038$r2021-01-12 00:00:00$w2021-01-12$yRAR
=999  \\$c508$d508
=650  \0$aCookbook$1http://www.wikidata.org/entity/Q605076$921485

