=LDR  00777    a2200193   4500
=001  509
=008  210304b\\\\\\\\be\|||||\||||\00|\0\eng\d
=041  \\$adut
=100  \\$aDijk, Jacob van$95255
=245  \\$aDiverse gedichten en antwoord op lasteringen
=260  \\$as.l.$c1769c
=300  \\$a23 pages
=500  \\$aVarious Poems and defence on malicious accusations
=650  \0$aPoetry$1http://www.wikidata.org/entity/Q482$93026
=700  \\$aWit, Pieter de$95256
=856  \\$uhttps://drive.google.com/drive/folders/1xzsK5JXr6TfI6dlv0eHafTAXI3lGUfu6$3Koopman Digital
=942  \\$cMS
=952  \\$00$10$2ddc$40$6KTS_1_000000000000000_C1_53_03H22$70$8RAR$9509$aORPH$bORPH$cKTS1_C1$d2020-07-08$eKoopman$i03H22$l0$oKTS1 C1.53 03H22$p20136037$r2021-01-12 00:00:00$w2021-01-12$yRAR
=999  \\$d509

