=LDR  00591    a2200169   4500
=001  512
=008  210304b\\\\\\\\be\|||||\||||\00|\0\eng\d
=041  \\$adut
=100  \\$aDroesaart$4edt$eEditor$95257
=245  \\$aDiverse gedichten
=260  \\$aVlaardingen$c1838-40
=300  \\$a60 pages
=500  \\$aVarious poems
=942  \\$cMS
=952  \\$00$10$2ddc$40$6KTS_1_000000000000000_C1_53_03H25$70$8RAR$9512$aORPH$bORPH$cKTS1_C1$d2020-07-08$eKoopman$i03H25$l0$oKTS1 C1.53 03H25$p20136034$r2021-01-12 00:00:00$w2021-01-12$yRAR
=999  \\$c512$d512
=650  \0$aPoetry$1http://www.wikidata.org/entity/Q482$93026

