=LDR  01028aam a2200229   4500
=001  513
=008  211125s1690\\\\\\\a||||\||||\00|\f\dut\d
=041  \\$adut
=245  \\$aLegende van Broer Casper, naergelaten aan Broer Antoni
=260  \\$aDordrecht$bGerritsen$c1690 [?]
=300  \\$a[16] pages
=336  \\$aprinted
=500  \\$aThe adventures of this prior are offered in musical allegories
=561  \\$aEx libris Forschungsstelle Volk und Raum (stamp)
=648  \0$a17th Century (1601-1700)$1http://www.wikidata.org/entity/Q7016$920923
=650  \0$aNovel$1http://www.wikidata.org/entity/Q8261$921629
=650  \0$aSatire$1http://www.wikidata.org/entity/Q128758$921636
=651  \0$aNetherlands$1http://www.wikidata.org/entity/Q55$9173
=856  \\$uhttps://books.google.be/books?id=x1FkAAAAcAAJ$3Google Books
=942  \\$cBOO
=952  \\$00$10$2ddc$40$6KTS_1_000000000000000_C1_53_03H26$70$8RAR$9513$aORPH$bORPH$cKTS1_C1$d2020-07-08$eKoopman$i03H26$oKTS1 C1.53 03H26$p20137836$r2021-01-12 00:00:00$w2021-01-12$yBOO
=999  \\$d513

