=LDR  01108aam a2200253   4500
=001  515
=008  211125s1893\\\\\\\|||||\||||\00|\0\ger\d
=041  \\$ager
=100  \\$aPauli, Heinrich$4aut$95258
=245  \\$aDas praktische Orgelspiel und die Behandlung der Orgel:$bWegweiser für den katholischen Organisten
=250  \\$a1st ed.
=260  \\$aTrier$bBaulinus$c1893
=300  \\$a35 pages
=336  \\$aprinted
=500  \\$aHeinrich Pauli (1865-) was organist to the Dom of Trier
=561  \\$aEx libris Karl Dreimüller (ms.)
=648  \0$a19th Century (1801-1900)$1http://www.wikidata.org/entity/Q6955$920935
=650  \0$aMethod$1http://www.wikidata.org/entity/Q2250960$921402
=650  \0$aOrgan$1http://www.wikidata.org/entity/Q1444$92810
=650  \0$aCatholicism$1http://www.wikidata.org/entity/Q1841$921631
=651  \0$aTrier (Germany)$1http://www.wikidata.org/entity/Q3138$913
=942  \\$cBOO
=952  \\$00$10$2ddc$40$6KTS_1_000000000000000_C1_53_03H28$70$8RAR$9515$aORPH$bORPH$cKTS1_C1$d2020-07-08$eKoopman$i03H28$oKTS1 C1.53 03H28$p20137833$r2021-01-12 00:00:00$w2021-01-12$yBOO
=999  \\$d515

