=LDR  02810    a2200301   4500
=001  520
=003  OI
=005  20250219180321.0
=008  210224s1708\\\\be\|||||\||||\00|\p\dut\d
=040  \\$aOI
=041  \\$adut
=100  \\$aRotgans, Lukas$d1654-1710$4aut$1http://www.wikidata.org/entity/Q2234173$94983
=245  \\$aBoerekermis
=250  \\$a1st ed.
=260  \\$aAmsterdam$bHalma$c1708
=300  \\$a67 pages$bpp. 35-38 (one bifolio) are missing$c4°
=500  \\$a"Titelvignet In hoc signo, ongesigneerd, voorts twee fraaie, paginagrote gravures met kermistonelen ... burlesk gedicht in de vorm van een epos over kermisvierende boeren en boerinnen dat tot ver in de negentiende eeuw bijzonder populair was en dan ook vaak is herdrukt. Ook de talrijke navolgingen wijzen op een grote populariteit. Al in het jaar van verschijning werd de 'Boerekermis' met de grootste greetigheit en blakinge, in geen klein getal, begeert en verkocht, schrijft Rotgans' uitgever en vriend François Halma in het voorberecht bij de 'Poëzy' (1715). Volgens Strengholt bestaan er van de eerste uitgave uit 1708 twee drukken: in een niet als zodanig aangemerkte tweede druk is een aantal slordigheden weggewerkt. Buitendien is er in de oudste druk een ‘Zinhinderende Drukfeil’ – in regel 1204 [p. 60], waar boerekleren stond in plaats van boerekroezen – op de laatste bladzij verbeterd. In de tweede editie is die drukfout gecorrigeerd. [Our edition does contain the error, which is corrected in manuscript] ... De in zijn tijd hooggeprezen en veelgelezen Rotgans (Amsterdam 1653 – Breukelen 1710) leidde een ambteloos leven op zijn buitenplaats Kromwijk aan de Vecht bij Breukelen. Behalve dit uitstapje in het boertige genre heeft hij slechts serieuze poëzie geschreven in de daarbij horende parnas-taal, waaronder een echt epos over stadhouder-koning Willem III." (Information taken from https://arinevandersteur.nl/product/boerekermis-quantum-est-in-rebus-inane-amsterdam-samuel-halma-1708/ (5 January 2021):")
=500  \\$aBurning marks on the lower side of several pages testify to reading under candelight
=648  \0$a18th Century (1701-1800)$1http://www.wikidata.org/entity/Q7015$920899
=650  \0$aPoetry$1http://www.wikidata.org/entity/Q482$93026
=650  \0$aPeasant$1http://www.wikidata.org/entity/Q838811$925931
=650  \0$aHumor$1http://www.wikidata.org/entity/Q35874$93936
=651  \0$aNetherlands$1http://www.wikidata.org/entity/Q55$9173
=653  \0$amise-en-scène$329$020138969$w03H33$939272
=856  \\$uhttps://books.google.be/books?id=TvUi_AkGI8MC$3Google Books
=942  \\$cBOO
=952  \\$00$10$2ddc$40$6KTS_1_000000000000000_C1_53_03H33$70$8RAR$9520$aORPH$bORPH$cKTS1_C1$d2020-07-08$eKoopman$l0$oKTS1 C1.53 03H33$p20138969$r2021-01-12 00:00:00$w2021-01-12$yBOO
=999  \\$d520

