=LDR  01564aam a2200325   4500
=001  522
=005  20250923161048.0
=008  211125s1768\\\\\\\g||||\||||\00|\0\dut\d
=041  \\$adut
=059  \\$akbd
=100  \\$aHess, Joachim$d1732-1819$4aut$1http://www.wikidata.org/entity/Q63163196$95260
=245  \\$aKorte en eenvoudige handleyding tot het leeren van 't clavecimbel of orgel-spel opgesteld ten dienste van leerlingen
=250  \\$a2nd ed.
=260  \\$aGouda$bvander Klos$c1768
=300  \\$a[iv]-28 pages$bmusic examples, 1 folded page
=500  \\$aWith fold-out containing an overview of clefs, ladders, meters, etc.
=500  \\$aSee also 03H36 and 03H37 for later editions
=534  \\$aOriginally published in 1766
=648  \0$a18th Century (1701-1800)$1http://www.wikidata.org/entity/Q7015$920899
=650  \0$aMethod$1http://www.wikidata.org/entity/Q2250960$921402
=650  \0$aHarpsichord$1http://www.wikidata.org/entity/Q81982$92125
=650  \0$aKeyboard music$1http://www.wikidata.org/entity/Q105715630$921412
=650  \0$aOrgan$1http://www.wikidata.org/entity/Q1444$92810
=651  \0$aNetherlands$1http://www.wikidata.org/entity/Q55$9173
=856  \\$uhttps://www.loc.gov/item/40015278/$3IIIF
=856  \\$uhttps://www.loc.gov/item/40015278/manifest.json$3IIIF manifest
=942  \\$cBOO
=952  \\$00$10$2ddc$40$6KTS_1_000000000000000_C1_53_03H35$70$8RAR$9522$aORPH$bORPH$cKTS1_C1$d2020-07-08$eKoopman$oKTS1 C1.53 03H35$p20137844$r2021-01-12 00:00:00$w2021-01-12$yBOO
=999  \\$d522
=533  \\$aDigitized by iGuana, Spring 2025.

