=LDR  01603    a2200229   4500
=001  526
=008  211027s1773\\\\\\\f||||\||||\00|\0\ger\d
=041  \\$ager
=100  \\$aSorge, Georg Andreas$d1703-1778$4aut$1http://www.wikidata.org/entity/Q88592$97274
=245  \\$aDer in der Rechen- und Meßkunst wohlerfahrne Orgelbaumeister
=260  \\$aBad Lobenstein$bSorge$c1773
=300  \\$a68 pages$bfold-out
=500  \\$aAnnotated in German in ink; refers to Dom Bédos at p. 9

=561  \\$aEx libris [illisible] 1830 (ms.)
=590  \\$awelcher die behörige Weite und Länge aller Orgelpfeifen, ihren erforderlichen Raum, die nöthige Metalldicke, die Grösse der Cancellen und Canäle, die accurate Abtheilung der Windladen, u. a. m. genau erforschen und ausmessen kan. Mit einer APplication auf ein Werk von 35 Stimmen und 3 Manualen; Zum Nutzen des gemeinen Wesens, wie auch der Orgelmacher und Probisten neuerbauter und reparirter Orgelwercke, Nebst 5 Kupfer-Tafeln in Folio, beschrieben von Georg Andreas Sorge, Hoforganisten zu Lobenstein im Voigtlande. Auf Kosten und im Verlag des Verfassers
=648  \0$a18th Century (1701-1800)$1http://www.wikidata.org/entity/Q7015$920899
=650  \0$aOrgan$1http://www.wikidata.org/entity/Q1444$92810
=651  \0$aThuringia (Germany)$1http://www.wikidata.org/entity/Q1205$922311
=856  \\$uhttps://www.loc.gov/item/08017366/$3Library of Congress
=942  \\$cBOO
=952  \\$00$10$2ddc$40$6KTS_1_000000000000000_C1_53_03H39$70$8RAR$9526$aORPH$bORPH$cKTS1_C1$d2020-07-08$eKoopman$oKTS1 C1.53 03H39$p20137524$r2021-01-12 00:00:00$w2021-01-12$yBOO
=999  \\$d526

