=LDR  01251aam a2200253   4500
=001  530
=005  20251029144658.0
=008  211125s1849\\\\|||a||||\||||\00|\h\dut\d
=041  \\$adut
=100  \\$aWarre Tyndale, John William$4aut$95268
=245  \\$aBürgers en Amstels Leonora:$been spoorweg romance
=260  \\$aAmsterdam$bBeijerinck$c1849
=300  \\$a35 pages$binserted lithographs, illustrated title page
=500  \\$aParody of the poem "Leonore" (1774) by Gottfried August Bürger
=500  \\$aContains 4 magnificent lithographs by Desguerrois & Co
=563  \\$aIn publisher's binding, sadly in bad condition
=600  \0$aBürger, Gottfried August$d1747-1794$1http://www.wikidata.org/entity/Q213675$98305
=648  \0$a19th Century (1801-1900)$1http://www.wikidata.org/entity/Q6955$920935
=650  \0$aPoetry$1http://www.wikidata.org/entity/Q482$93026
=650  \0$aSatire$1http://www.wikidata.org/entity/Q128758$921636
=700  \\$4aut$aZeggelen, Willem Josephus van$d1811-1879$1http://www.wikidata.org/entity/Q14519558$95267
=942  \\$cBOO
=952  \\$00$10$2ddc$40$6KTS_1_000000000000000_C1_53_03H43$70$8RAR$9530$aORPH$bORPH$cKTS1_C1$d2020-07-08$eKoopman$oKTS1 C1.53 03H43$p20137855$r2021-01-12 00:00:00$w2021-01-12$yBOO
=999  \\$d530

