=LDR  00983aam a2200217   4500
=001  531
=008  211125s1832\\\\||||||||\||||\00|\0\dut\d
=041  \\$adut
=100  \\$aHoëvell, Wolter Robert van$4aut$95270
=245  \\$aAnacreontische zangen, gevolgd van eenige losse dichtstukjes
=260  \\$aGroningen$bOomkens$c1832
=300  \\$a58 pages
=336  \\$aprinted
=590  \\$aUitgegeven ten voordeele der Commissie voor de Spijsuitdeeling, aan behoeftige Cholera-lijders binnen deze Stad
=648  \0$a19th Century (1801-1900)$1http://www.wikidata.org/entity/Q6955$920935
=650  \0$aPoetry$1http://www.wikidata.org/entity/Q482$93026
=650  \0$aSong$1http://www.wikidata.org/entity/Q7366$94164
=651  \0$aNetherlands$1http://www.wikidata.org/entity/Q55$9173
=942  \\$cBOO
=952  \\$00$10$2ddc$40$6KTS_1_000000000000000_C1_53_03H44$70$8RAR$9531$aORPH$bORPH$cKTS1_C1$d2020-07-08$eKoopman$i03H44$oKTS1 C1.53 03H44$p20137850$r2021-01-12 00:00:00$w2021-01-12$yBOO
=999  \\$d531

