=LDR  01149aam a2200229   4500
=001  532
=008  211125s1840\\\\||||||||\||||\00|\0\dut\d
=041  \\$adut
=100  \\$aCosta, Isaac da$d1798-1860$4aut$1http://www.wikidata.org/entity/Q1673766$95271
=245  \\$aVijf en twintig jaren:$been lied in 1840
=250  \\$a1st ed.
=260  \\$aAmsterdam$bGroebe$c1840
=300  \\$a36 pages
=336  \\$aprinted
=500  \\$aPoetic reflection on Dutch history an the 25th anniversary of the Battle of Waterloo
=590  \\$aVoorgelezen in de openbare vergadering van de Tweede Klasse des Koninklijk-Nederlandschen-Instituuts van Wetenschappen, Letterkunde en Schoone Kunsten, op den 16den november van dat jaar
=648  \0$a19th Century (1801-1900)$1http://www.wikidata.org/entity/Q6955$920935
=650  \0$aPoetry$1http://www.wikidata.org/entity/Q482$93026
=650  \0$aBattle of Waterloo$1http://www.wikidata.org/entity/Q48314$923089
=942  \\$cBOO
=952  \\$00$10$2ddc$40$6KTS_1_000000000000000_C1_53_03H45$70$8RAR$9532$aORPH$bORPH$cKTS1_C1$d2020-07-08$eKoopman$i03H45$oKTS1 C1.53 03H45$p20137848$r2021-01-12 00:00:00$w2021-01-12$yBOO
=999  \\$d532

