=LDR  01314    a2200265   4500
=001  535
=005  20251029110828.0
=008  211129s1786\\\\\\\|||||\||||\00|\f\dut\d
=041  \\$adut
=100  \\$aFeith, Rhijnvis$d1753-1824$4aut$1http://www.wikidata.org/entity/Q1375304$95084
=245  \\$aJulia
=250  \\$a1st ed.
=260  \\$aAmsterdam$bElwe & Langeveld$c1786
=300  \\$aviii-200 pages$bengraved title page, 6 inserted illustrations
=336  \\$aprinted
=500  \\$aOriginally published in 1783
=500  \\$aRhijnvis Feith (1753-1824) was a poet from Zwolle who studied law in Leiden together with Willem Bilderdijk, by whom he was influenced
=500  \\$a6 inserted illustrations by Langeveld & van de Meer after D.J. van der Laan
=648  \0$a18th Century (1701-1800)$1http://www.wikidata.org/entity/Q7015$920899
=650  \0$aNovel$1http://www.wikidata.org/entity/Q8261$921629
=651  \0$aNetherlands$1http://www.wikidata.org/entity/Q55$9173
=856  \\$uhttps://www.delpher.nl/nl/boeken/view?coll=boeken&identifier=dpo:1630:mpeg21:0005$3National Library of the Netherlands
=942  \\$cBOO
=952  \\$00$10$2ddc$40$6KTS_1_000000000000000_C1_53_03H48$70$8RAR$9535$aORPH$bORPH$cKTS1_C1$d2020-07-08$eKoopman$i03H48$oKTS1 C1.53 03H48$p20137859$r2021-01-12 00:00:00$w2021-01-12$yBOO
=999  \\$d535

