=LDR  01386    a2200289   4500
=001  536
=008  211129s1754\\\\||||||||\||||\00|\0\dut\d
=041  \\$adut
=100  \\$aKroon, Willem$4aut$922128
=245  \\$aVerzameling van de bruykbaarste Nederduytsche rijmklanken
=260  \\$aUtrecht$bKroon$c1754
=300  \\$a[xvi]-364-[4] pages$btitle page engraving
=336  \\$aprinted
=500  \\$aDutch dictionary of rhymes
=500  \\$aWillem Kroon was a Dutch author, bookseller and publisher from Utrecht who flourished 1735-1754.

   
=500  \\$acontains pensil notes throughout
=500  \\$aengraving on dedication page by J.C. Phikips
=500  \\$aDedicated to the Dutch poet Gerard Muyser (1726-1757)
=648  \0$a18th Century (1701-1800)$1http://www.wikidata.org/entity/Q7015$920899
=650  \0$aPoetry$1http://www.wikidata.org/entity/Q482$93026
=650  \0$aDictionary$1http://www.wikidata.org/entity/Q23622$921580
=650  \0$aLinguistics$1http://www.wikidata.org/entity/Q8162$93902
=651  \0$aNetherlands$1http://www.wikidata.org/entity/Q55$9173
=856  \\$uhttps://books.google.be/books?vid=KBNL:KBNL03000190323&redir_esc=y$3Google Books
=942  \\$cBOO
=952  \\$00$10$2ddc$40$6KTS_1_000000000000000_C1_53_03H49$70$8RAR$9536$aORPH$bORPH$cKTS1_C1$d2020-07-08$eKoopman$i03H49$oKTS1 C1.53 03H49$p20137858$r2021-01-12 00:00:00$w2021-01-12$yBOO
=999  \\$d536

