=LDR  01729    a2200349   4500
=001  538
=008  210514s1799\\\\\\\|||||\||||\00|\0\ger\d
=041  \\$ager
=059  \\$abc
=100  \\$aPortmann, Johann Gottlieb$d1739-1798$4aut$1http://www.wikidata.org/entity/Q1694201$95277
=245  \\$aLeichtes Lehrbuch der Harmonie, Composition und des Generalbasses
=250  \\$aNeue Auflage
=260  \\$aDarmstadt$bHeyer$c1799
=300  \\$a[iv]-70-[2]-65 pages$bmusical examples, 10 inserted leaves with manuscript notes
=336  \\$aprinted
=336  \\$amanuscript
=500  \\$aContains Mozart's KV 284
=500  \\$aContains 65 pages of musical examples, one of which inserted in manuscript  
=500  \\$a10 inserted leaves with manuscript notes in black ink
=534  \\$aOriginally published in 1789
=561  \\$aEx Libris Gstrisch (?) 1903 (manuscript)
=590  \\$aZum Gebrauch für Liebhaber der Musik, angehende und fortschreitende Musici und Componisten
=600  \0$aMozart, Wolfgang Amadeus$d1756-1791$1http://www.wikidata.org/entity/Q254$95341
=648  \0$a18th Century (1701-1800)$1http://www.wikidata.org/entity/Q7015$920899
=650  \0$aBasso continuo$1http://www.wikidata.org/entity/Q724321$921065
=650  \0$aComposing$1http://www.wikidata.org/entity/Q92186587$93076
=650  \0$aMethod$1http://www.wikidata.org/entity/Q2250960$921402
=650  \0$aHarmony$1http://www.wikidata.org/entity/Q184421$92358
=856  \\$uhttps://www.loc.gov/item/63058856/$3Library of Congress
=942  \\$cBOO
=952  \\$00$10$2ddc$40$6KTS_1_000000000000000_C1_53_03H51$70$8RAR$9538$aORPH$bORPH$cKTS1_C1$d2020-07-08$eKoopman$i03H51$oKTS1 C1.53 03H51$p20137860$r2021-01-12 00:00:00$w2021-01-12$yBOO
=999  \\$d538

