=LDR  03132    a2200337   4500
=001  540
=008  210304s1750\\\\be\|||||\||||\00|\0\dut\d
=041  \\$adut
=245  \\$aHollands Magazyn$n1a
=260  \\$aHaarlem$bBosch$c1750
=300  \\$a[xvi]-152 pages$bengraved title page, 4 inserted folded pages 
=336  \\$abook
=336  \\$aprinted
=500  \\$atitle-page with poem by Langendijk
=500  \\$aDutch magazine/paper "with geographical, historical, literary, medical, legal, theological, poetic, and oratorical observations, tests, questions, sketches, and treatises" that appeared with irregular frequency between 170 and 1761, and of which several editions were published together in bookform.
=500  \\$acontains "Proefondervindingen over de ademhaling", a letter about medical issues on breathing by Mr. Bremond.
=500  \\$abegins with an 'Interpretation of the Tytel-Prent', (explanation of the title page) in the form of a poem by Pieter Langendijk, followed by the title print on which a facade stone of a Dutch warehouse is revealed (Jan Caspar Philips inv. et fec.).
=500  \\$adedicated to George Clifford (1685-1760) , 'one of the first pillars of the country's renowned commerce; a famous mediator and an excellent promoter of the arts and sciences' Clifford was a Dutch merchant and banker. He is best known as the botanist and zoologist who employed Carl Linnaeus between 1735 and 1738. Clifford was an exponent of the growing public interest in science that developed in the first half of the eighteenth century. 
=501  \\$aComœdia vetus: bootsmans-praetje
Hollands Magazyn 1a
De voornaamste staatsgevallen van Europa zedert de Utrechtse Vrede     
Staats-Spiegel voor den Nederlanderen tegen uitheemsse Kunstenaryen    
Beschryvinge van het Recht- en Gesteltenisse der Barrière    
Het waere interest van 't misleide Nederland     
=590  \\$avoorzien van aardrykskundige, historische, wysgeerige, geneeskundige, rechts-geleerde, theologische, poëtische, en oratorische waarnemingen, proeven, vraagen, schetsen, en verhandelingen.
=648  \0$a18th Century (1701-1800)$1http://www.wikidata.org/entity/Q7015$920899
=650  \0$aScience$1http://www.wikidata.org/entity/Q7991$921650
=651  \0$aNetherlands$1http://www.wikidata.org/entity/Q55$9173
=700  \\$aLangendijk, Pieter$d1683-1756$1http://www.wikidata.org/entity/Q782615$95199
=773  \\$0 539 $tComœdia vetus: bootsmans-praetje     $w 539    
=856  \\$uhttps://books.google.be/books?id=K9xaAAAAcAAJ$3Google Books
=942  \\$cBOO
=952  \\$00$10$2ddc$40$6KTS_1_000000000000000_C1_53_03H52B$70$8RAR$9540$aORPH$bORPH$cKTS1_C1$d2020-07-08$eKoopman$i 03H52b$oKTS1 C1.53 03H52b$r2021-01-12 00:00:00$w2021-01-12$yBOO
=952  \\$00$10$2ddc$40$6KTS_1_000000000000000_C1_53_03H52B$70$8RAR$923745$aORPH$bORPH$cKTS1_C1$d2020-07-08$eKoopman$i 03H52b$l0$oKTS1 C1.53 03H52b$r2021-01-12 00:00:00$w2021-01-12$yBOO
=952  \\$00$10$2ddc$40$6KTS_1_000000000000000_C1_53_03H52B$70$8RAR$923798$aORPH$bORPH$cKTS1_C1$d2020-07-08$eKoopman$i 03H52b$l0$oKTS1 C1.53 03H52b$r2021-01-12 00:00:00$w2021-01-12$yBOO
=999  \\$d540

