=LDR  05708aam a2200913   4500
=001  545
=005  20251001090809.0
=008  211027i18041805\\\f||||\||||\00|\0\dut\d
=041  \\$adut
=100  \\$aHeurn, Jan van$d1751-1815$4aut$1http://www.wikidata.org/entity/Q63164224$911116
=245  \\$aDe orgelmaaker
=260  \\$aDordrecht$bBlussé$c1804-05
=300  \\$a3 vols. (xxxii-526+xvi-232+xx-476 pages)$bnumerous fold-out plates
=490  \\$aVolledige beschrijving van alle konsten, ambachten, handwerken, fabrieken, trafieken, dezelver werkhuizen, gereedschappen, enz.$v19
=500  \\$aDedicated to Ewaldus Kist
=504  \\$aVol. 1 contains a publisher's catalog at p. [525]
=590  \\$abehelzende eene uitvoerige beschrijving van alle de uit- en inwendige deelen des orgels, en handleiding tot het maaken, zamenbrengen en herstellen derzelven. Benevens de beschrijving en afbeelding der werktuigen, welke tot deze kunst gebezigd worden. Uit de nieuwste Uitlandsche Schrijveren, en volgens de inlichtingen der beste hedendaagsche Meesters in deze Kunst, zamengesteld door Mr. Jan van Heurn, lid van het Utrechtsch Genootschap van Kunsten en Wetenschappen, en Hoogleeraar in de rechten te ’s’Bosch. 
=648  \0$a19th Century (1801-1900)$1http://www.wikidata.org/entity/Q6955$920935
=650  \0$aOrgan$1http://www.wikidata.org/entity/Q1444$92810
=651  \0$aNetherlands$1http://www.wikidata.org/entity/Q55$9173
=653  \0$aa =$3292, 293, 359, 418$020137527$w03H53_03$928388
=653  \0$ablaasbalgen$313, 28, 30-186, 186-214$020137528$w03H53_01$929597
=653  \0$anachtegaal$318$020137528$w03H53_01$935126
=653  \0$anachtegaal$3225, 226$020137526$w03H53_02$935126
=653  \0$aorgeldisposities$3321-348$020137527$w03H53_03$935554
=653  \0$aorgelmetaal$31-10$020137527$w03H53_03$935557
=653  \0$aorgelregistratie$3229, 306, 307$020137528$w03H53_01$935575
=653  \0$aorgelregistratie$3325$020137527$w03H53_03$935575
=653  \0$aorgels_Frans$39, 10$020137528$w03H53_01$935594
=653  \0$aDom Bédos$3xii, xiii, 9$020137528$w03H53_01$931137
=653  \0$apauken$3223, 224$020137526$w03H53_02$935803
=653  \0$adynamiek$3223$020137526$w03H53_02$931346
=653  \0$aFritz, B.$3301, 309$020137527$w03H53_03$931926
=653  \0$atemperatuur$310$020137528$w03H53_01$936807
=653  \0$atemperatuur$3294-320, 418$020137527$w03H53_03$936807
=653  \0$atongwerken$3163-247$020137527$w03H53_03$937022
=653  \0$atoucher$313$020137528$w03H53_01$937044
=653  \0$atoucher$37, 8$020137526$w03H53_02$937044
=653  \0$atoucher$3421$020137527$w03H53_03$937044
=653  \0$atremulant$3273-308$020137528$w03H53_01$937097
=653  \0$atremulant$3360$020137527$w03H53_03$937097
=653  \0$aHändel, G.F.$3223$020137526$w03H53_02$932536
=653  \0$aHess, J.J.$313, 213, 214, 229, 267, 288, 307, 386$020137528$w03H53_01_01$932752
=653  \0$aHess, J.J.$370, 78, 219, 223, 226$020137526$w03H53_02$932752
=653  \0$aHess, J.J.$35, 6, 107, 126, 201, 216, 219, 224, 228, 254, 257, 259, 260, 262, 267, 270, 321, 325, 346, 373, 374, 386, 387, 388, 391, 399$020137527$w03H53_03$932752
=653  \0$awaterorgel$318-29$020137528$w03H53_01$937876
=653  \0$aWerckmeister$3216, 223, 419$020137528$w03H53_01$937928
=653  \0$aWerckmeister$33$020137526$w03H53_02$937928
=653  \0$aWerckmeister$3301$020137527$w03H53_03$937928
=653  \0$awinddruk$3214-235$020137528$w03H53_01$937993
=653  \0$azwelkast$3222, 223$020137526$w03H53_02$938191
=653  \0$akort oktaaf$33$020137526$w03H53_02$933720
=653  \0$akort oktaaf$3361$020137527$w03H53_03$933720
=653  \0$aSchnitger$38, 256$020137528$w03H53_01$938915
=653  \0$aSilbermann$38$020137528$w03H53_01$939112
=653  \\$aBätz$38$929224$020137528$w03H53_01
=653  \\$aBätz$3212, 213$929224$020137527$w03H53_03
=653  \\$acimbelstern$3224, 225$930486$020137526$w03H53_02
=653  \\$aHernhutters te Zeist$346$932734$020137528$w03H53_01
=653  \\$aHinsch$38$932791$020137528$w03H53_01_01
=653  \\$aintonatie van orgelpijp$3149-162$933110$020137527$w03H53_03
=653  \\$alijm$346-48$934116$020137528$w03H53_01
=653  \\$aorgel_rammelen van het manuaal$338$935521$020137526$w03H53_02
=653  \\$aorgel_rammelen van het manuaal$3420$935521$020137527$w03H53_03
=653  \\$aorgel_spielereien$3223-226$935523$020137526$w03H53_02
=653  \\$apijpmensuur$355-70$935982$020137527$w03H53_03
=653  \\$aspringlade$3498-503$936448$020137528$w03H53_01
=653  \\$atertsmixtuur$3263$936866$020137527$w03H53_03
=653  \\$atoeleveringsbedrijven voor orgelbouw$313$936972$020137528$w03H53_01
=653  \\$awindziekte$312, 214-235, 250, 251$937997$020137528$w03H53_01
=653  \\$azweving$3307$938195$020137528$w03H53_01
=856  \\$uhttps://books.google.be/books?id=QycXAAAAYAAJ$3Eerste deel
=856  \\$uhttps://books.google.be/books?id=zAMXAAAAYAAJ$3Tweede deel
=856  \\$uhttps://books.google.be/books?id=-usWAAAAYAAJ$3Derde deel
=942  \\$cBOO
=952  \\$00$10$2ddc$3Eerste deel$40$6KTS_1_000000000000000_C1_53_03H53_01$70$8RAR$9545$aORPH$bORPH$cKTS1_C1$d2020-07-08$eKoopman$oKTS1 C1.53 03H53_01$p20137528$r2021-01-12 00:00:00$w2021-01-12$yBOO
=952  \\$00$10$2ddc$3Tweede deel$40$6KTS_1_000000000000000_C1_53_03H53_02$70$8RAR$920865$aORPH$bORPH$cKTS1_C1$d2020-07-08$eKoopman$l0$oKTS1 C1.53 03H53_02$p20137526$r2021-10-27 00:00:00$w2021-01-12$yBOO
=952  \\$00$10$2ddc$3Derde deel$40$6KTS_1_000000000000000_C1_53_03H53_03$70$8RAR$920866$aORPH$bORPH$cKTS1_C1$d2020-07-08$eKoopman$l0$oKTS1 C1.53 03H53_03$p20137527$r2021-10-27 00:00:00$w2021-01-12$yBOO
=999  \\$d545

