=LDR  01496aam a2200265   4500
=001  546
=008  211130s1785\\\\||||||||\||||\00|\0\lat\d
=041  \\$alat
=100  \\$aSmetius, Johannes$4aut$95284
=245  \\$aDe sarda seu carneola crucem et pisciculos referente ad quartum lapidis jactus infra Neomagum
=260  \\$aNijmegen$bvan Goor$c1785
=300  \\$a23 pages
=336  \\$aprinted
=500  \\$abound in a beautiful volume with other publications from Nijmegen
=501  \\$aDe Rheni divortiis, Rhenique Inferioris ac Isalæ Cura
Commentatiuncula in C. Corn. Taciti Hist. Lib. V. Cap. XIX.
De operculis pyxidum Marci Ulpii Heracletis myropolæ, prope Neomagum inventis
=648  \0$a18th Century (1701-1800)$1http://www.wikidata.org/entity/Q7015$920899
=650  \0$aReligion$1http://www.wikidata.org/entity/Q9174$93062
=650  \0$aHistory$1http://www.wikidata.org/entity/Q309$921403
=651  \0$aNijmegen (Netherlands)$1http://www.wikidata.org/entity/Q47887$921708
=773  \\$0547$tDe Rheni divortiis$w547
=856  \\$uhttps://books.google.be/books?id=ErRaAAAAcAAJ$3Google Books
=942  \\$cBOO
=952  \\$00$10$2ddc$40$6KTS_1_000000000000000_C1_53_03H56D$70$8RAR$9546$aORPH$bORPH$cKTS1_C1$d2020-07-08$eKoopman$i03H56d$oKTS1 C1.53 03H56d$r2021-01-12 00:00:00$w2021-01-12$yBOO
=952  \\$00$10$2ddc$40$6KTS_1_000000000000000_C1_53_03H56D$70$8RAR$923802$aORPH$bORPH$cKTS1_C1$d2020-07-08$eKoopman$i03H56d$l0$oKTS1 C1.53 03H56d$r2021-01-12 00:00:00$w2021-01-12$yBOO
=999  \\$d546

