=LDR  01633aam a2200265   4500
=001  549
=041  \\$alat
=100  \\$aTacitus$d54-120$4aut$1http://www.wikidata.org/entity/Q2161$95287
=245  \\$aCommentatiuncula in C. Corn. Taciti Hist. Lib. V. Cap. XIX.
=260  \\$aNijmegen$bvan Goor$c1785
=300  \\$aiv-[ii]-36 pages
=336  \\$aprinted
=500  \\$abound in a beautiful volume with other publications from Nijmegen
=501  \\$aDe Rheni divortiis, Rhenique Inferioris ac Isalæ Cura
De operculis pyxidum Marci Ulpii Heracletis myropolæ, prope Neomagum inventis
De sarda seu carneola crucem et pisciculos referente ad quartum lapidis jactus infra Neomagum
=648  \0$a18th Century (1701-1800)$1http://www.wikidata.org/entity/Q7015$920899
=648  \0$aClassical Antiquity (8th Century BC-6th Century AD)$1http://www.wikidata.org/entity/Q486761$921435
=650  \0$aHistory$1http://www.wikidata.org/entity/Q309$921403
=651  \0$aNijmegen (Netherlands)$1http://www.wikidata.org/entity/Q47887$921708
=700  \\$4cmm$aBetouw, Johan in de$d1732-1820$1http://www.wikidata.org/entity/Q13738164$95285
=773  \\$0547$tDe Rheni divortiis$w547
=856  \\$uhttps://books.google.be/books?id=VIlhAAAAcAAJ$3Google Books
=942  \\$cBOO
=952  \\$00$10$2ddc$40$6KTS_1_000000000000000_C1_53_03H56B$70$8RAR$9549$aORPH$bORPH$cKTS1_C1$d2020-07-08$eKoopman$i03H56b$oKTS1 C1.53 03H56b$r2021-01-12 00:00:00$w2021-01-12$yBOO
=952  \\$00$10$2ddc$40$6KTS_1_000000000000000_C1_53_03H56B$70$8RAR$923804$aORPH$bORPH$cKTS1_C1$d2020-07-08$eKoopman$i03H56b$l0$oKTS1 C1.53 03H56b$r2021-01-12 00:00:00$w2021-01-12$yBOO
=999  \\$d549

