=LDR  00928aam a2200217   4500
=001  550
=008  211130s1819\\\\|||fa|||\||||\00|\0\fre\d
=041  \\$afre
=100  \\$aSavart, Félix$4aut$95288
=245  \\$aMémoire sur la construction des instruments à corde et à archet
=260  \\$aParis$bRoret$c1819
=300  \\$a118 pages$b3 plates inserted
=336  \\$aprinted
=561  \\$aEx libris L. Debras (stamp)
=648  \0$a19th Century (1801-1900)$1http://www.wikidata.org/entity/Q6955$920935
=650  \0$aOrganology$1http://www.wikidata.org/entity/Q899293$921400
=651  \0$aParis (France)$1http://www.wikidata.org/entity/Q90$9160
=856  \\$uhttps://books.google.be/books?id=qBM7AAAAcAAJ$3Google Books
=942  \\$cBOO
=952  \\$00$10$2ddc$40$6KTS_1_000000000000000_C1_53_03H57$70$8RAR$9550$aORPH$bORPH$cKTS1_C1$d2020-07-08$eKoopman$i03H57$oKTS1 C1.53 03H57$p20137852$r2021-01-12 00:00:00$w2021-01-12$yBOO
=999  \\$d550

