=LDR  01365aam a2200277   4500
=001  551
=008  210514s1786\\\\\\\|||||\||||\00|\0\fre\d
=041  \\$afre$hita
=100  \\$aAzopardi, Francesco$d1748-1809$4aut$1http://www.wikidata.org/entity/Q594872$95289
=245  \\$aLe Musicien pratique
=250  \\$a1st ed.
=260  \\$aParis$bLe Duc$c1786
=300  \\$a127 pages
=336  \\$aprinted
=500  \\$aAlexandre-Étienne Choron (1771-1834) was one of the pioneers of French musicology
=648  \0$a18th Century (1701-1800)$1http://www.wikidata.org/entity/Q7015$920899
=650  \0$aCounterpoint$1http://www.wikidata.org/entity/Q186393$921487
=650  \0$aCounterpoint$1http://www.wikidata.org/entity/Q186393$921487
=650  \0$aHarmony$1http://www.wikidata.org/entity/Q184421$92358
=700  \\$4edt$aChoron, Alexandre$d1771-1834$1http://www.wikidata.org/entity/Q1392901$95290
=700  \\$4trl$aFramery, Nicolas Étienne$d1745-1810$1http://www.wikidata.org/entity/Q1986373$96369
=765  \\$aIl musico pratico
=856  \\$uhttps://imslp.org/wiki/Il_musico_prattico_(Azopardi%2C_Francesco)$3International Music Score Library Project
=942  \\$cBOO
=952  \\$00$10$2ddc$40$6KTS_1_000000000000000_C1_53_03H58$70$8RAR$9551$aORPH$bORPH$cKTS1_C1$d2020-07-08$eKoopman$i03H58$oKTS1 C1.53 03H58$p20137851$r2021-01-12 00:00:00$w2021-01-12$yBOO
=999  \\$d551

