=LDR  00833atm a2200193   4500
=001  557
=008  210308b\\\\\\\\be\|||||\||||\00|\0\eng\d
=041  \\$adut
=245  \\$aKindergedichtjes
=260  \\$as.l.$c1850 [?]
=300  \\$a31 pages$bmarbled cardboard binding, music examples
=500  \\$aContains both lyrics (18 pages) and melody (12 pages)
=648  \0$1http://www.wikidata.org/entity/Q6955$a19th Century (1801-1900)$920935
=650  \0$aSong$1http://www.wikidata.org/entity/Q7366$94164
=650  \0$aPoetry$1http://www.wikidata.org/entity/Q482$93026
=650  \0$aChild$1http://www.wikidata.org/entity/Q7569$92175
=942  \\$cMS
=952  \\$00$10$2ddc$40$6KTS_1_000000000000000_C3_24_03I01$70$8RAR$9557$aORPH$bORPH$cKTS1_C3$d2020-07-08$eKoopman$i03I01$l0$oKTS1 C3.24 03I01$p20135990$r2021-01-12 00:00:00$w2021-01-12$yMS
=999  \\$d557

