=LDR  01562aam a2200301   4500
=001  558
=005  20250925143254.0
=008  230712m19151922|||coa||\||||\00|\0beng\d
=041  \\$ager
=100  \\$aTapper, Thomas$d1864-1958$4aut$1http://www.wikidata.org/entity/Q4467316$95297
=245  \\$aJohann Sebastian Bach: The Story of the Boy Who Sang in the Streets
=260  \\$aPhiladelphia$bPresser$c1915
=300  \\$a16 pages$billustrated front cover, pasted-in illustrations
=490  \\$aChild's own book of great musicians
=500  \\$aTapper was an American musician, composer, lecturer, writer, teacher, and editor. He wrote many books on music, mostly for children and young adults.
=500  \\$aCahier with paste-ins and writings by Lula Mac Maupin
=500  \\$aChildren's novel, part of a series of composers' biographies
=563  \\$aCardboard cover, pamflet stitch binding
=590  \\$aThis book was made by Lula Mae Maupin
=648  \0$1http://www.wikidata.org/entity/Q6927$a20th Century (1901-2000)$920936
=650  \0$aMusic history$1http://www.wikidata.org/entity/Q846047$921373
=650  \0$aMusic education$1http://www.wikidata.org/entity/Q27908$921766
=650  \0$aNovel$1http://www.wikidata.org/entity/Q8261$921629
=651  \0$1http://www.wikidata.org/entity/Q30$aUSA$943
=942  \\$cBOO
=952  \\$00$10$2ddc$40$6KTS_1_000000000000000_C3_24_03I02$70$8RAR$9558$aORPH$bORPH$cKTS1_C3$d2020-07-08$eKoopman$l0$oKTS1 C3.24 03I02$p20145571$r2021-01-12 00:00:00$w2021-01-12$yBOO
=999  \\$d558
=533  \\$aDigitized by iGuana, Spring 2025.

