=LDR  01479aam a2200277   4500
=001  559
=005  20251003085455.0
=008  210318b\\\\\\\\\\\o||||\c|||\00|\0\ger\d
=041  \\$ager
=059  \\$ahpd
=100  \\$aNeupert, Johann Christoph$d1842-1921$4aut$95298
=245  \\$aNeupert Cembalo:$bWerkstätten für historische Tasteninstrumente Bamberg, Nürnberg, München
=260  \\$c19xx
=300  \\$a52-[8] pages$bbound in paper, embossed and illustrated front cover, inserted loose papers, photos
=500  \\$aJohann Christoph (1842-1921) and Hans Neupert (1902-1980) were German keyboard manufacturers who collected and rebuilt historical instruments
=500  \\$aphoto catalog of Neupert harpsichords ca 1930
=500  \\$ainserted loose printed leaflets with user reviews 1930-1935, and 2 price tables from around 1935/1936
=561  \\$aEx libris Theo Van Der Bul (plate)
=648  \0$1http://www.wikidata.org/entity/Q6927$a20th Century (1901-2000)$920936
=650  \0$aOrganology$1http://www.wikidata.org/entity/Q899293$921400
=650  \0$aHarpsichord$1http://www.wikidata.org/entity/Q81982$92125
=650  \0$aCatalogue$1http://www.wikidata.org/entity/Q2352616$921484
=651  \0$1http://www.wikidata.org/entity/Q2090$aNuremberg (Germany)$921596
=942  \\$cEPH
=952  \\$00$10$2ddc$40$6KTS_1_000000000000000_C3_24_03I03$70$8RAR$9559$aORPH$bORPH$cKTS1_C3$d2020-07-08$eKoopman$l0$oKTS1 C3.24 03I03$p20145570$r2021-01-12 00:00:00$w2021-01-12$yEPH
=999  \\$d559

