=LDR  01604aam a2200241   4500
=001  561
=008  230712s1891\\\\|||fa|||\||||\00|\0\dut\d
=041  \\$adut
=100  \\$aVerheijen, Joseph Antonius $d1837-1924$4aut$95300
=245  \\$aHet orgel in het Concertgebouw te Amsterdam
=260  \\$aAmsterdam$bMunster$c1891
=300  \\$a24 pages$bpaper bound, folded engraved frontispiece, illustration
=500  \\$acopy offered by the author (autograph manuscript note in ink on front cover  "Present Exemplaar van den Schrijver")
=500  \\$aDutch organist Verheijen was known at home and abroad (France, Germany) as an "inspeler" and tester of new organs. He was chairman of the Nederlandsche Organistenvereniging.
=590  \\$aGebouwd door den Heer M. Maarschalkerweerd, Firma Maarschalkerweerd & Zoon, Orgelfabrikanten te Utrecht, toegelicht door Jos. A Verheijen, Organist van de Mozes- en Aäronskerk te Amsterdam. Uitgegeven ten voordeele van het Onderdsteuningsfonds der Nederl. Org. Vereeniging
=600  \0$1http://www.wikidata.org/entity/Q2101949$aMaarschalkerweerd, Michaël$912513
=648  \0$1http://www.wikidata.org/entity/Q6955$a19th Century (1801-1900)$920935
=650  \0$aOrganology$1http://www.wikidata.org/entity/Q899293$921400
=650  \0$aOrgan$1http://www.wikidata.org/entity/Q1444$92810
=651  \0$1http://www.wikidata.org/entity/Q727$aAmsterdam (Netherlands)$9135
=942  \\$cBOO
=952  \\$00$10$2ddc$40$6KTS_1_000000000000000_C3_24_03I05$70$8RAR$9561$aORPH$bORPH$cKTS1_C3$d2020-07-08$eKoopman$l0$oKTS1 C3.24 03I05$p20145568$r2021-01-12 00:00:00$w2021-01-12$yBOO
=999  \\$d561

