=LDR  01578aam a2200265   4500
=001  562
=005  20251003085455.0
=008  230712s1841\\\\|||g||||\c|||\00|\0\ger\d
=041  \\$ager
=100  \\$aAndré, Johann Anton$d1775-1842$4aut$1http://www.wikidata.org/entity/Q213931
=245  \\$aThematisches Verzeichniss derjenigen Originalhandschriften von W. A. Mozart … welche Hofrath André in Offenbach a. M. besitzt
=260  \\$aOffenbach am Main$bAndré$c1841
=300  \\$a77-[1] pages$bmusic examples, paper bound, inserted loose folded page
=500  \\$aThematic catalogue of Mozart manuscripts owned by publishing house André in 1841 
=500  \\$ainserted loose folded page in English with table of contents
=600  \0$1http://www.wikidata.org/entity/Q254$aMozart, Wolfgang Amadeus$d1756-1791$95341
=648  \0$1http://www.wikidata.org/entity/Q6955$a19th Century (1801-1900)$920935
=650  \0$aBibliography$1http://www.wikidata.org/entity/Q134995$93965
=650  \0$aCatalogue$1http://www.wikidata.org/entity/Q2352616$921484
=651  \0$1http://www.wikidata.org/entity/Q183$aGermany$9155
=856  \\$uhttps://books.google.be/books?id=ta2tizAJIjEC$3Google Books
=856  \\$uhttps://imslp.org/wiki/Thematisches_Verzeichnis_derjenigen_Originalhandschriften_von_W._A._Mozart_(Andr%C3%A9%2C_Johann_Anton)$3International Music Score Library Project
=942  \\$cBOO
=952  \\$00$10$2ddc$40$6KTS_1_000000000000000_C3_24_03I06$70$8RAR$9562$aORPH$bORPH$cKTS1_C3$d2020-07-08$eKoopman$l0$oKTS1 C3.24 03I06$p20145567$r2021-01-12 00:00:00$w2021-01-12$yBOO
=999  \\$d562

