=LDR  01106aam a2200229   4500
=001  563
=008  230712s1762\\\\||||||||\||||\00|\0\lat\d
=041  \\$alat
=245  \\$aDe veteris græcorum musices in omnes scientias usu, et energia divinatio
=246  \1$aAcoustices
=260  \\$aVenice$bZatta$c1762
=300  \\$a35 pages$bengraved title page, bound in modern marbled cardboard
=500  \\$aThe use of ancient Greek music in all sciences
=590  \\$aRem tibi Socratiae poterunt ostendere chartae.
=648  \0$1http://www.wikidata.org/entity/Q7015$a18th Century (1701-1800)$920899
=650  \0$aMusic history$1http://www.wikidata.org/entity/Q846047$921373
=650  \0$aAcoustics$1http://www.wikidata.org/entity/Q82811$921365
=650  \0$aScience$1http://www.wikidata.org/entity/Q7991$921650
=856  \\$uhttp://bdh-rd.bne.es/viewer.vm?id=0000054499&page=1$3Biblioteca Digital Hispánica
=942  \\$cBOO
=952  \\$00$10$2ddc$40$6KTS_1_000000000000000_C3_24_03I07$70$8RAR$9563$aORPH$bORPH$cKTS1_C3$d2020-07-08$eKoopman$l0$oKTS1 C3.24 03I07$p20145566$r2021-01-12 00:00:00$w2021-01-12$yBOO
=999  \\$d563

