=LDR  01685aam a2200253   4500
=001  566
=008  220819q1770\\\\|||g||||\||||\00|\0\ita\d
=041  \\$aita
=100  \\$aPanerai, Vincenzo$dc. 1750-c. 1790$4aut$1http://www.wikidata.org/entity/Q27999342$95303
=245  \\$aPrincipj di musica teoretico-pratici
=246  \1$aPrincipi di musica teoretico-pratici
=260  \\$aFlorence$bVolpini$cc. 1770
=300  \\$a[i]-13 pages$bpaper bound, engraved title page
=500  \\$aVery little is known about Vincenzo Panerai (c. 1750-c. 1790) other than that he studied composition alongside Luigi Cherubini in Florence. Cherubini is known to have praised the performance of Panerai's music in that city in the 1770s. A teacher and author of several didactic works, Panerai published one of the few fingering tables for flute that survives from Italy during his lifetime.
=500  \\$amanuscript dedication (autograph?) on title page "... Al Sig.r M Maur(?) Fauncey(?) Garlocchho"
=500  \\$abeautiful title page engraving depicting a musical company led by the author Abé Panerai himself
=648  \0$a18th Century (1701-1800)$1http://www.wikidata.org/entity/Q7015$920899
=650  \0$aMusic theory$1http://www.wikidata.org/entity/Q193544$92662
=650  \0$aMethod$1http://www.wikidata.org/entity/Q2250960$921402
=651  \0$aFlorence (Italy)$1http://www.wikidata.org/entity/Q2044$9248
=856  \\$uhttps://gallica.bnf.fr/view3if/ga/ark:/12148/btv1b100743400$3Gallica
=942  \\$cBOO
=952  \\$00$10$2ddc$40$6KTS_1_000000000000000_C3_24_03I10$70$8RAR$9566$aORPH$bORPH$cKTS1_C3$d2020-07-08$eKoopman$l0$oKTS1 C3.24 03I10$p20145573$r2021-01-12 00:00:00$w2021-01-12$yBOO
=999  \\$d566

