=LDR  01868aab a2200301   4500
=001  574
=008  230713b1835\\\\|||a||||\||||\00|\0\fre\d
=041  \\$afre
=245  \\$aRevue de Paris$bNouvelle Série - Année 1835$nvol. 13
=260  \\$aParis$bs.n.$c1835
=300  \\$a276 pages$bbound in marbled cardboard, leather spine, pasted manuscript title vignet on front cover
=500  \\$aContains, among others, a 'chronique musicale' by Castil-Blaze
=500  \\$aThe Revue de Paris was founded in Paris in 1829 by Monsieur Véron with the aim of producing a new literary collection. Its distinctive feature was that it pre-published authors. Over the course of its history, it has opened up to fields other than literature.
=648  \0$1http://www.wikidata.org/entity/Q6955$a19th Century (1801-1900)$920935
=650  \0$aHistory$1http://www.wikidata.org/entity/Q309$921403
=650  \0$aMusic criticism$1http://www.wikidata.org/entity/Q11748889$921598
=650  \0$aJournalism$1http://www.wikidata.org/entity/Q11030$921960
=650  \0$aLiterature$1http://www.wikidata.org/entity/Q8242$94439
=650  \0$aPoetry$1http://www.wikidata.org/entity/Q482$93026
=651  \0$1http://www.wikidata.org/entity/Q90$aParis (France)$9160
=700  \\$1http://www.wikidata.org/entity/Q1035323$4aut$aBlaze, Ange-Henri-Castil$cBaron de Bury$d1813-1888$918983
=700  \\$4edt$95309$aVéron, Louis$d1798-1867
=700  \\$4edt$95310$aRabou, Charles$d1803-1871
=700  \\$4edt$95311$aPichot, Amédée$d1795-1877
=856  \\$uhttps://gallica.bnf.fr/ark:/12148/bpt6k5802496t/f2.image.r=Revue%20de%20Paris%20nouvelle%20s%C3%A9rie%201835%20T13?rk=21459;2$3Gallica
=942  \\$cPER
=952  \\$00$10$2ddc$40$6KTS_1_000000000000000_C3_24_03I20$70$8RAR$9574$aORPH$bORPH$cKTS1_C3$d2020-07-08$eKoopman$l0$oKTS1 C3.24 03I20$p20145584$r2021-01-12 00:00:00$w2021-01-12$yBOO
=999  \\$d574

