=LDR  01210aam a2200241   4500
=001  575
=008  230713s1878\\\\|||afg||\||||\00|\0\ger\d
=041  \\$ager
=100  \\$aWasielewski, Wilhelm Joseph von$4aut$95313
=245  \\$aGeschichte der Instrumentalmusik im XVI. Jahrhundert
=260  \\$aBerlin$bGuttentag$c1878
=300  \\$a170+x-95 pages$bfolded sheet inserted
=500  \\$aWilhelm Joseph von Wasielewski (1822-1896) was a German violinist, conductor, and musicologist. 
=648  \0$1http://www.wikidata.org/entity/Q7017$a16th Century (1501-1600)$920944
=648  \0$1http://www.wikidata.org/entity/Q6955$a19th Century (1801-1900)$920935
=650  \0$aMusic history$1http://www.wikidata.org/entity/Q846047$921373
=650  \0$aInstrumental music$1http://www.wikidata.org/entity/Q639197$92106
=650  \0$aOrganology$1http://www.wikidata.org/entity/Q899293$921400
=651  \0$1http://www.wikidata.org/entity/Q183$aGermany$9155
=856  4\$uhttps://books.google.td/books?id=8Lx-6nUhTk4C
=942  \\$cBOO
=952  \\$00$10$2ddc$40$6KTS_1_000000000000000_C3_24_03I21$70$8RAR$9575$aORPH$bORPH$cKTS1_C3$d2020-07-08$eKoopman$l0$oKTS1 C3.24 03I21$p20145581$r2021-01-12 00:00:00$w2021-01-12$yBOO
=999  \\$d575

