=LDR  02428aam a2200409   4500
=001  576
=008  230713s1640\\\\|||af|||\||||\00|\0\dut\d
=041  \\$adut$hlat
=245  \\$aAfbeeldinghe van d'eerste eeuwe der Societeyt Iesu
=250  \\$a1st ed.
=260  \\$aAntwerp$bPlantin$c1640
=300  \\$a[vi]-712-[7] pages$bengraved title page
=500  \\$aIn 1640, the Society's centenary was celebrated and the book 'Imago Primi Saeculi Societatis Jesu' was published in Antwerp. It was a contemporary summary of Jesuit ideals and achievements, following an example in the Imago gold: unus non sufficit orbis (one world is not enough).
=500  \\$a6 vols. in 1, continued pagination
=590  \\$aVoor ooghen ghestelt door de Duyts-Nederlandsche provincie der selver societeyt
=610  \0$1http://www.wikidata.org/entity/Q36380$aJesuits$921140
=648  \0$1http://www.wikidata.org/entity/Q7016$a17th Century (1601-1700)$920923
=650  \0$aCatholicism$1http://www.wikidata.org/entity/Q1841$921631
=650  \0$aFine art$1http://www.wikidata.org/entity/Q219625$921579
=650  \0$aEmblem$1http://www.wikidata.org/entity/Q112110$93250
=650  \0$aMoral education$1http://www.wikidata.org/entity/Q25457248$93171
=651  \0$1http://www.wikidata.org/entity/Q12892$aAntwerp (Belgium)$920974
=700  \\$1http://www.wikidata.org/entity/Q554434$4aut$aBolland, Jean$d1596-1665$95314
=700  \\$4aut$aHenschenius, Godefridus$95315
=700  \\$4aut$aHosschius, Sidronius$95316
=700  \\$4aut$95317$aTollenarius, Joannes
=700  \\$4aut$95318$aVande Walle, Jacob
=700  \\$1http://www.wikidata.org/entity/Q107482732$4trl$aUwens, Laurentius$d1589-1641$95319
=700  \\$1http://www.wikidata.org/entity/Q2025692$4trl$aPoirters, Adrianius$d1605-1674$97073
=700  \\$1http://www.wikidata.org/entity/Q330854$4ill$aDiepenbeeck, Abraham van$d1596-1675$914199
=700  \\$4egr$95322$aNatalis, Michiel
=700  1\$1http://www.wikidata.org/entity/Q323843$4ill$4egr$aGalle, Cornelis$d1615-1678$926406
=765  \\$aImago primi sæculi Societatis Iesu a provincia Flandro-Belgica eiusdem Societatis repræsentata
=856  \\$uhttps://books.google.be/books?id=jzsVAAAAQAAJ$3Google Books
=942  \\$cBOO
=952  \\$00$10$2ddc$40$6KTS_1_000000000000000_C3_24_03I22$70$8RAR$9576$aORPH$bORPH$cKTS1_C3$d2020-07-08$eKoopman$l0$oKTS1 C3.24 03I22$p20145580$r2021-01-12 00:00:00$w2021-01-12$yBOO
=999  \\$d576

