=LDR  02298aam a2200253   4500
=001  580
=008  230717s1708\\\\|||af|||\d|||\00|\0\mul\d
=041  \\$afre$adut
=245  \\$aLe Grand dictionaire françois & flamend / Het groot Fransch en Nederduitsch woordenboek
=260  \\$aAmsterdam$bHalma$c1708
=300  \\$a[xliv]-774 pages$bengraved frontispiece, title page in red and black ink
=500  \\$aDictionary from French to Dutch
=500  \\$aFrançois Halma (1653-1722) was a Dutch printer, publisher and bookseller, successively in Utrecht, Amsterdam and Leeuwarden. Halma published many works, in the fields of theology, philosophy and geography, among others.
=590  \\$aComposé sur le modèle des dictionaires de Richelet, Pomey, Tachard, et Danet. Revû & considérablement augmenté sur le Dictionaire & le Grammaire de l’Académie françoise. On y a adjouté un excellent Traitté de l'Orthographe de la langue françoise. Dat is, Het groot Fransch en Nederduitsch woordenboek, opgestelt naar het voorbeeldt der woordenboeken van Richelet, Pomey, Tachard, en Danet. Overzien, en merkelyk vermeerdert op het woordenboek en de spraakkunst van het Koningklyk Genootschap, eerst ontworpen door C. Rouxel en F. Halma. Vervolgens naaukeurig overzien, en met alle bovengemelde woordenboeken en andere vergeleken: ook met ontelbaare woorden en spreekwyzen verrykt en naar de gronden der beste Nederduitsche schryveren beschaaft, verbetert, herstelt, en in orde gebragt door François Halma. Hier is bygevoegt een uitmuntend werkje over de spellinge der Fransche taale
=648  \0$1http://www.wikidata.org/entity/Q7015$a18th Century (1701-1800)$920899
=650  \0$aDictionary$1http://www.wikidata.org/entity/Q23622$921580
=650  \0$aLinguistics$1http://www.wikidata.org/entity/Q8162$93902
=651  \0$1http://www.wikidata.org/entity/Q55$aNetherlands$9173
=700  \\$1http://www.wikidata.org/entity/Q13135665$4aut$4edt$aHalma, François$d1653-1722$95326
=700  \\$4aut$aRouxel, Claude$95325
=856  \\$uhttps://books.google.be/books?id=535FAAAAcAAJ$3Google Books
=942  \\$cBOO
=952  \\$00$10$2ddc$40$6KTS_1_000000000000000_C3_24_03I27$70$8RAR$9580$aORPH$bORPH$cKTS1_C3$d2020-07-08$eKoopman$l0$oKTS1 C3.24 03I27$p20145593$r2021-01-12 00:00:00$w2021-01-12$yBOO
=999  \\$d580

