=LDR  02353aam a2200325   4500
=001  581
=008  230717s1769\\\\|||af|||\||||\00|\0dfre\d
=041  \\$afre
=100  \\$aTurpin de Crissé, Lancelot$4aut$95327
=245  \\$aCommentaires sur les mémoires de Montecuculi$nvols. 1-2
=260  \\$aParis$bLacombe$bLejay$c1769
=300  \\$a2 vols. (xxi-397+438 pages)$bengraved frontispiece
=500  \\$aRaimondo, Count of Montecuccoli (1609-1680) was an Italian-born professional soldier who served the Habsburg monarchy.
=500  \\$aMontécuculi's Mémoires are divided into three books. The first two contain all his military principles, the third contains his 'Réflexions sur les guerres de Hongrie, depuis 1660 jusqu'en 1664', where Raimondo Montecuccoli won the battle of Saint-Gothard against the Turks.
=561  \\$aEx libris A.P.M.A. Storm De Grave (plate)
=590  \\$aGénéralissime des armées, & grand-maître de l'artillerie de l'Empereur par Monsieur le Comte Turpin de Crissé, Maréchal des camps & armées du Roi, inspecteur général de cavalerie & de dragons, des Académies royales des sciences & belles-lettres de Berlin & de Nancy
=600  10$1http://www.wikidata.org/entity/Q454789$aMontecuccoli, Raimondo$d1609-1680$926415
=648  \0$1http://www.wikidata.org/entity/Q7015$a18th Century (1701-1800)$920899
=650  \0$aMilitary history$1http://www.wikidata.org/entity/Q192781$93874
=650  \0$aBiography$1http://www.wikidata.org/entity/Q36279$91927
=650  \0$aCriticism$1http://www.wikidata.org/entity/Q17955$92252
=651  \0$1http://www.wikidata.org/entity/Q142$aFrance$9131
=700  \\$4egr$aAndouard, F.$95328
=700  \\$1http://www.wikidata.org/entity/Q983804$4ill$aCasanova, Francesco Giuseppe$d1727-1802$926414
=856  \\$uhttps://gallica.bnf.fr/view3if/ga/ark:/12148/bpt6k1042695f/f8$3vol. 1 (IIIF)
=856  \\$uhttps://gallica.bnf.fr/view3if/ga/ark:/12148/bpt6k10426978/f7$3vol. 2 (IIIF)
=942  \\$cBOO
=952  \\$00$10$2ddc$40$6KTS_1_000000000000000_C3_24_03I28$70$8RAR$9581$aORPH$bORPH$cKTS1_C3$d2020-07-08$eKoopman$l0$oKTS1 C3.24 03I28$p20145594$r2021-01-12 00:00:00$w2021-01-12$yBOO
=952  \\$00$10$2ddc$40$6KTS_1_000000000000000_C3_24_03I29$70$8RAR$922859$aORPH$bORPH$cKTS1_C3$d2020-07-08$eKoopman$l0$oKTS1 C3.24 03I29$p20145595$r2023-07-17 00:00:00$w2021-01-12$yBOO
=999  \\$d581

