=LDR  05258aam a2200757   4500
=001  582
=008  220128s1760\\\\||||||||\||||\00|\0\fre\d
=041  \\$afre
=100  \\$aRameau, Jean-Philippe$d1683-1764$4aut$1http://www.wikidata.org/entity/Q1145$94787
=245  \\$aCode de musique pratique,$bou Méthodes pour apprendre la musique, meme à des aveugles, pour former la voix & l'oreille
=250  \\$a1st ed.
=260  \\$aParis$bImprimerie Royale$c1760
=300  \\$axx-185 pages$bengraved frontispiece
=500  \\$a"Rameau's last published book on harmonic theory. Working with the fundamental principles of harmonic theory established in his revolutionary 'Traité de l'Harmonie' (1722), Rameau presented in the 'Code' an alternative explanation for the derivation of the minor third (based on the upper partials of a vibrating body). He also classified the suspension as a type of substitution, and "attempted to relate proportion in music to that in other disciplines, [seeking] to confirm the derivation of music from a universal, cosmic principle founded on nature and on unity" (GDM). This last theoretical flight of fancy, which Rameau had stated before in his 'Observations sur notre instinct pour la musique' (1756), was the major cause of Rameau's break with the Encyclopedists. The controversy is detailed in Rameau's 'Origine des Sciences' and 'Lettre à M. D'Alembert,' both bound in with this copy of the 'Code'." (from an inserted note printed on paper from John Howell - Books San Francisco)
=501  \\$aBound in with Rameau's 'Origine des sciences, suivie d'une controverse sur le même sujet',  'Lettre à M. d'Alembert sur ses opinions en musique' and 'Nouvelles réflexions sur le principe sonore'
=561  \\$aEx libris Nordenfelt-Åberg (plate)
=563  \\$aBrown leather cover, marbled endpapers
=648  \0$a18th Century (1701-1800)$1http://www.wikidata.org/entity/Q7015$920899
=650  \0$aMethod$1http://www.wikidata.org/entity/Q2250960$921402
=650  \0$aMusic theory$1http://www.wikidata.org/entity/Q193544$92662
=650  \0$aSinging$1http://www.wikidata.org/entity/Q27939$92767
=651  \0$aFrance$1http://www.wikidata.org/entity/Q142$9131
=653  \0$a?-stemmig bc$373, 74, voorbeelden 1-7, 19$020145596a$w03I30a$928330
=653  \0$aacciaccatura$373$020145596a$w03I30a$928450
=653  \0$aademhalen$318, 19$020145596a$w03I30a$928491
=653  \0$aAmiot$3189$020145596a$w03I30a$928658
=653  \0$aarpeggio$322, 29, 74$020145596a$w03I30a$928797
=653  \0$aarpeggio en orgel$329$020145596a$w03I30a$928799
=653  \0$aartikulatie$319$020145596a$w03I30a$928817
=653  \0$abasse fondamentale$3xv, xvi, xviii, 24-, 81-187, voorbeeld 7-33$020145596a$w03I30a$929156
=653  \0$abc$3xii, xiv, xv, xvii, 5, 24-28-78, 171-178$020145596a$w03I30a$929236
=653  \0$abc als voorspel voor compositie$3xiv, xv, 24, 78-98, 159$020145596a$w03I30a$929244
=653  \0$abc_dynamiek$373, 74$020145596a$w03I30a$929283
=653  \0$abc_onbecijferd$3xvii, 171-178$020145596a$w03I30a$929288
=653  \0$acadence$32$020145596a$w03I30a$930103
=653  \0$adynamiek$314, 16, 18$020145596a$w03I30a$931346
=653  \0$aemoties$313, 167-170$020145596a$w03I30a$931445
=653  \0$aenharmoniek$368-69, 123, 124$020145596a$w03I30a$931476
=653  \0$aFrans-Italiaans$3xi, xvi, 17, 73, 74$020145596a$w03I30a$931874
=653  \0$atasto solo$359?, 76?, voorbeeld 31$020145596a$w03I30a$936760
=653  \0$atoucher$322$020145596a$w03I30a$937044
=653  \0$ahandhouding$311, 28$020145596a$w03I30a$932548
=653  \0$ahoboriet$316$020145596a$w03I30a$932814
=653  \0$avirtuositeit$3x, xi$020145596a$w03I30a$937631
=653  \0$aimprovisatie$3xvii, 7, 15, 28, 178-185$020145596a$w03I30a$933059
=653  \0$azangkunst$312-20$020145596a$w03I30a$938104
=653  \0$aZarlino$3xvi, 191$020145596a$w03I30a$938113
=653  \0$azuiverheid$3xii, 21$020145596a$w03I30a$938176
=653  \0$aRameau, J.P._Castor et Pollux$3168$020145596a$w03I30a$938225
=653  \0$aRameau, J.P._Hippolyte et Aricie$369$020145596a$w03I30a$938227
=653  \0$akwint/oktaafparallellen$3160$020145596a$w03I30a$933824
=653  \0$alesgeven$313-15, 19, 20$020145596a$w03I30a$934068
=653  \0$amessa di voce$314, 16$020145596a$w03I30a$934702
=653  \\$abecijferen van bas$374-78$929313$020145596a$w03I30a
=653  \\$abovensecunde triller$319$929855$020145596a$w03I30a
=653  \\$aklankkwaliteit$312, 14, 16$933438$020145596a$w03I30a
=653  \\$aLully, J.B._Armide$3168, 169$934277$020145596a$w03I30a
=653  \\$amethode voor blinden$3ix, xii, 1, 7, 80$934711$020145596a$w03I30a
=653  \\$amethodes_belang van$3xvi, xvii$934712$020145596a$w03I30a
=653  \\$aprincipe sonore$3189-237$936205$020145596a$w03I30a
=653  \\$astemomvang$313, 17$936561$020145596a$w03I30a
=653  \\$avingerzetting$3xii, xiii, 6, 11, 12, 21, 22, 23, 26, 60$937568$020145596a$w03I30a
=856  \\$uhttps://gallica.bnf.fr/view3if/ga/ark:/12148/bpt6k1080202$3IIIF
=942  \\$cBOO
=952  \\$00$10$2ddc$40$6KTS_1_000000000000000_C3_24_03I30A$70$8RAR$9582$aORPH$bORPH$cKTS1_C3$d2020-07-08$eKoopman$oKTS1 C3.24 03I30a$p20145596a$r2021-01-12 00:00:00$w2021-01-12$yBOO
=999  \\$d582

