=LDR  01870aam a2200313   4500
=001  583
=005  20251001162312.0
=008  230717s1760\\\\||||||||\||||\00|\i\fre\d
=041  \\$afre
=100  \\$aRameau, Jean-Philippe$d1683-1764$4aut$1http://www.wikidata.org/entity/Q1145$94787
=245  \\$aLettre à M. d'Alembert sur ses opinions en musique
=250  \\$a1st ed.
=260  \\$aParis$bs.n.$c1760
=300  \\$a14 pages
=501  \\$a03I30d: bound in with Rameau's 'Code de musique pratique', 'Nouvelles réflexions sur le principe sonore' and 'Origine des sciences, suivie d'une controverse sur le même sujet'
=501  \\$a08F25b: Bound in with 'Origine des sciences'
=590  \\$ainsérées dans les articles Fondamental & Gamme de l'Encyclopédie. (a)
=600  \0$1http://www.wikidata.org/entity/Q153232$ad'Alembert, Jean Le Rond$d1717-1783$94826
=648  \0$1http://www.wikidata.org/entity/Q7015$a18th Century (1701-1800)$920899
=650  \0$aMusic philosophy and aesthetics$1http://www.wikidata.org/entity/Q2092865$921165
=650  \0$aMusic theory$1http://www.wikidata.org/entity/Q193544$92662
=650  \0$aCorrespondence$1http://www.wikidata.org/entity/Q1784733$921392
=651  \0$1http://www.wikidata.org/entity/Q90$aParis (France)$9160
=773  \\$0582$tCode de musique pratique$w582
=856  \\$uhttps://books.google.be/books?id=j68vkLnPXhoC&printsec=frontcover&hl=nl&source=gbs_ge_summary_r&cad=0#v=onepage&q&f=false$3Google Books
=942  \\$cBOO
=952  \\$00$10$2ddc$40$6KTS_1_000000000000000_C3_24_03I30D$70$8RAR$9583$aORPH$bORPH$cKTS1_C3$d2020-07-08$eKoopman$l0$oKTS1 C3.24 03I30d$p20145596d$r2021-01-12 00:00:00$w2021-01-12$yBOO
=952  \\$00$10$2ddc$40$6KTS_1_000000000000000_C3_36_08F24B$70$8RAR$923050$aORPH$bORPH$cKTS1_C3$d2020-07-08$eKoopman$l0$oKTS1 C3.36 08F24b$p20146026b$r2023-11-14 00:00:00$w2021-01-12$yBOO
=999  \\$d583

