=LDR  02233aam a2200313   4500
=001  585
=005  20251001162312.0
=008  230717s1761\\\\||||||||\||||\00|\0\fre\d
=041  \\$afre
=100  \\$aRameau, Jean-Philippe$d1683-1764$4aut$1http://www.wikidata.org/entity/Q1145$94787
=245  \\$aOrigine des sciences, suivie d'une controverse sur le même sujet
=250  \\$a1st ed.
=260  \\$aParis$bJorry$c1761 [1762]
=300  \\$a03I30c: 9-28 pages$a08F25a: 9-28-[ii] pages$b08F25: gilt decorated leather spine, engraved printer's ornaments$c4o
=500  \\$aThe date of the edition is 1761, but as the 'Approbation' (at the bottom of the last page) reads: "... fait à Paris le 31. Décembre 1761", it is likely to have been printed only in 1762.
=500  \\$aConsists of a Preface (8 pages), 'Reflexions d'apres les Principes de M. Rameau' (1 page), 'Origine des Sciences' (28 pages), 'Observations de M. Rameau, sur son Ouvrage intitulé, Origine des Sciences' (2 pages, in 08F25 only).

=501  \\$a03I30c: Bound in with Rameau's 'Code de musique pratique', 'Lettre à M. d'Alembert' and 'Nouvelles réflexions sur le principe sonore'
=501  \\$a08F25a: Bound in with 'Lettre a M. D'Alembert, sur ses opinions en Musique ...' (14 pages).
=648  \0$1http://www.wikidata.org/entity/Q7015$a18th Century (1701-1800)$920899
=650  \0$aMusic philosophy and aesthetics$1http://www.wikidata.org/entity/Q2092865$921165
=650  \0$aMusic theory$1http://www.wikidata.org/entity/Q193544$92662
=650  \0$aScience$1http://www.wikidata.org/entity/Q7991$921650
=651  \0$1http://www.wikidata.org/entity/Q90$aParis (France)$9160
=773  \\$0582$tCode de musique pratique$w582
=856  \\$uhttps://imslp.org/wiki/Origine_des_sciences_(Rameau%2C_Jean-Philippe)$3International Music Score Library Project
=942  \\$cBOO
=952  \\$00$10$2ddc$40$6KTS_1_000000000000000_C3_24_03I30C$70$8RAR$9585$aORPH$bORPH$cKTS1_C3$d2020-07-08$eKoopman$l0$oKTS1 C3.24 03I30c$p20145596c$r2021-01-12 00:00:00$w2021-01-12$yBOO
=952  \\$00$10$2ddc$40$6KTS_1_000000000000000_C3_36_08F25A$70$8RAR$923049$aORPH$bORPH$cKTS1_C3$d2020-07-08$eKoopman$l0$oKTS1 C3.36 08F25a$p20146026$r2023-11-14 00:00:00$w2021-01-12$yBOO
=999  \\$d585

