=LDR  04680    a2200745   4500
=001  586
=008  220601s1722\\\\|||afg||\||||\00|\0\fre\d
=041  \\$afre
=100  \\$aRameau, Jean-Philippe$d1683-1764$4aut$1http://www.wikidata.org/entity/Q1145$94787
=245  \\$aTraité de l'harmonie réduite à ses principes naturels
=250  \\$a1st ed.
=260  \\$aParis$bBallard$c1722
=300  \\$axxiv-432 pages$bsupplement of 18 pages with corrections
=500  \\$aAs a fundamental work in the development of Western music, it earned Rameau the reputation of being one of the most accomplished musicians of his time.The Treatise describes music and how to write it based on the tonal system used today. It uses the modern major and minor keys to teach readers what to do to achieve good-sounding music based on the 12 tone music scale.
=500  \\$aThe Treatise is divided into four books: On the relationship between Harmonic Ratios and Proportions, On the Nature and Properties of Chords; and on Everything which may be used to make music perfect, Principles of Composition & Principles of Accompaniment.
=500  \\$aRISM B-VI p. 685
=501  \\$aBound in with Rameau's 'Nouveau système de musique théorique'
=505  \\$gI : Du rapport des raisons et proportions harmoniques -- II : De la nature et de la propriété des accords -- III : Principes de composition -- IV : Principes d'accompagnement
=561  \\$aEx libris John Kinloch of Killrie (plate) & F.W. Davis (plate)
=563  \\$abound in brown leather, marbled endpapers; very good state
=648  \0$a18th Century (1701-1800)$1http://www.wikidata.org/entity/Q7015$920899
=650  \0$aMusic theory$1http://www.wikidata.org/entity/Q193544$92662
=650  \0$aHarmony$1http://www.wikidata.org/entity/Q184421$92358
=650  \0$aBasse fondamentale$1http://www.wikidata.org/entity/Q446114$922132
=651  \0$aFrance$1http://www.wikidata.org/entity/Q142$9131
=653  \0$a?-stemmig bc$3317, 374, 375, 388, 389, 390, 391, 391, 394, 396, 406, 408, 410, 413, 417-419, 422-424, 427$020145597a$w03I31a$928330
=653  \0$aAffilard, L'$3151$020145597a$w03I31a$928507
=653  \0$aarpeggio$3427$020145597a$w03I31a$928797
=653  \0$aartikulatie en bc$3372$020145597a$w03I31a$928818
=653  \0$abasse fondamentale$349-134-148, 185-361, 381-383, 425$020145597a$w03I31a$929156
=653  \0$abc$3363-429-432$020145597a$w03I31a$929236
=653  \0$abc volgt inhoud van zangtekst$3426$020145597a$w03I31a$929277
=653  \0$aBerardi, A.$3107$020145597a$w03I31a$929433
=653  \0$aBrossard$318, 82, 107, 114, 116, 123, 124, 151, 166$020145597a$w03I31a$929959
=653  \0$acanon$3359-362$020145597a$w03I31a$930183
=653  \0$acomponeren$3169-362$020145597a$w03I31a$930621
=653  \0$aonbecijferde bas$3427-429$020145597a$w03I31a$935379
=653  \0$aDescartes$33, 7, et$020145597a$w03I31a$931024
=653  \0$adynamiek en bc$3426, 427$020145597a$w03I31a$931351
=653  \0$aemoties$3141$020145597a$w03I31a$931445
=653  \0$afuga$3358$020145597a$w03I31a$931941
=653  \0$agamba$31$020145597a$w03I31a$931995
=653  \0$agavotte$3160, 161$020145597a$w03I31a$932051
=653  \0$atekstplaatsing$3161, 162$020145597a$w03I31a$936783
=653  \0$atemperatuur$3164$020145597a$w03I31a$936807
=653  \0$atempo$3152, 153-157, 159$020145597a$w03I31a$936814
=653  \0$aherhalen van akkoord in bc$3427$020145597a$w03I31a$932722
=653  \0$avingerzetting$3371, 374, 375-377, 380, 387$020145597a$w03I31a$937568
=653  \0$aZarlino$3vw ii, vi, 8$020145597a$w03I31a$938113
=653  \0$aRameau, J.P._motet Laboravi partituur$3341-355$020145597a$w03I31a$938228
=653  \0$arigaudon$3160, 161$020145597a$w03I31a$938449
=653  \0$akwint/oktaafparallellen$3119, 120, 121, 191, 324$020145597a$w03I31a$933824
=653  \0$aLoulié, E.$3151$020145597a$w03I31a$934235
=653  \0$aluit$31$020145597a$w03I31a$934262
=653  \0$aLully$3161$020145597a$w03I31a$934271
=653  \0$aslagwerk$31, 46$020145597a$w03I31a$939152
=653  \0$aMasson$365, 82, 107, 116, 121, 145$020145597a$w03I31a$934517
=653  \0$aMersenne$320 et$020145597a$w03I31a$934691
=653  \\$abc_hoogte van RH$3427$929284$020145597a$w03I31a
=653  \\$abc_ritme in RH$3429-432$929290$020145597a$w03I31a
=653  \\$aregels in muziek$3125$938305$020145597a$w03I31a
=856  \\$uhttps://gallica.bnf.fr/view3if/ga/ark:/12148/btv1b86232459$3IIIF
=942  \\$cBOO
=952  \\$00$10$2ddc$40$6KTS_1_000000000000000_C3_24_03I31A$70$8RAR$9586$aORPH$bORPH$cKTS1_C3$d2020-07-08$eKoopman$oKTS1 C3.24 03I31a$p20145597a$r2021-01-12 00:00:00$w2021-01-12$yBOO
=999  \\$d586

