=LDR  03896    a2200553   4500
=001  587
=008  220518s1726\\\\|||afg||\||||\00|\0\fre\d
=041  \\$afre
=100  \\$aRameau, Jean-Philippe$d1683-1764$4aut$1http://www.wikidata.org/entity/Q1145$94787
=245  \\$aNouveau système de musique théorique
=250  \\$a1st ed.
=260  \\$aParis$bBallard$c1726
=300  \\$aviii-114-[6] pages$b2 folded sheets inserted
=500  \\$aThe' Nouveau système de musique théorique' is the second treatise on music theory written by Jean-Philippe Rameau. With this work, he completed his 'Traité de l'harmonie réduite à ses principes naturel's of 1722, and presented it as an introduction to the latter.

In the meantime, he had become aware of Joseph Sauveur's work on the harmonic resonance of the sound body, which corroborated, in terms of physics and auditory perception, the principles set out in his first book. The perception of harmonics (or consonances) when the fundamental sound is emitted had already been noted by the Jesuit scholar Marin Mersenne.

Whereas the entire theoretical approach in the previous treatise was based exclusively on mathematical considerations, in his Nouveau système Rameau refers to the physical phenomenon of harmonic sounds that are, so to speak, 'consubstantial' with the fundamental sound. Their inevitable presence is the basis of Nature and, for the author, justifies the notion of perfect harmony.
=500  \\$aRISM B-VI pp. 683-684
=501  \\$aBound in with Rameau's 'Traité de l'harmonie' (1722)
=563  \\$abound in brown leather, marbled endpapers; very good state
=648  \0$a18th Century (1701-1800)$1http://www.wikidata.org/entity/Q7015$920899
=650  \0$aMusic theory$1http://www.wikidata.org/entity/Q193544$92662
=650  \0$aHarmony$1http://www.wikidata.org/entity/Q184421$92358
=651  \0$aFrance$1http://www.wikidata.org/entity/Q142$9131
=653  \0$a?-stemmig bc$373$020145597b$w03I31b$928330
=653  \0$aakoestiek$315-31$020145597b$w03I31b$928552
=653  \0$aBallard$3cat: 118-199, achterin$020145597b$w03I31b$929044
=653  \0$abasse fondamentale$3iii, vii, viii, 33, 44-48, 54, 55, 60, 90, 92, 94-$020145597b$w03I31b$929156
=653  \0$abc naar componeren$394$020145597b$w03I31b$929270
=653  \0$aCastel$3v$020145597b$w03I31b$930272
=653  \0$aclavecin oculaire$3v$020145597b$w03I31b$930518
=653  \0$aCorelli, A.$394-106$020145597b$w03I31b$930736
=653  \0$aDescartes$321$020145597b$w03I31b$931024
=653  \0$adrukfouten$3appendix achterin 1-17$020145597b$w03I31b$931221
=653  \0$astuderen$391, 94$020145597b$w03I31b$936657
=653  \0$atemperatuur$3v, 3, 16, 19, 24-31, 52, 53, 107-114$020145597b$w03I31b$936807
=653  \0$avan bc naar improvisatie$3viii, 91, 94$020145597b$w03I31b$937337
=653  \0$avingerzetting$393, 94$020145597b$w03I31b$937568
=653  \0$aHuygens, C.$3107, 113$020145597b$w03I31b$933032
=653  \0$aimprovisatie$390, 94$020145597b$w03I31b$933059
=653  \0$azuiverheid$3113, 114$020145597b$w03I31b$938176
=653  \0$aRameau, J.P.$3wb$020145597b$w03I31b$938224
=653  \0$akwint/oktaafparallellen$392, 104$020145597b$w03I31b$933824
=653  \0$aSauveur$3107, 113$020145597b$w03I31b$938774
=653  \0$aLully, J.B.$341, 80-89, 90, 119$020145597b$w03I31b$934276
=653  \0$aMersenne$315, 17$020145597b$w03I31b$934691
=653  \0$amonochord$319$020145597b$w03I31b$934823
=653  \\$aregels en componeren$3106$938304$020145597b$w03I31b
=856  \\$uhttps://imslp.org/wiki/Nouveau_syst%C3%A8me_de_musique_th%C3%A9orique_(Rameau%2C_Jean-Philippe)$3International Music Score Library Project
=942  \\$cBOO
=952  \\$00$10$2ddc$40$6KTS_1_000000000000000_C3_24_03I31B$70$8RAR$9587$aORPH$bORPH$cKTS1_C3$d2020-07-08$eKoopman$oKTS1 C3.24 03I31b$p20145597b$r2021-01-12 00:00:00$w2021-01-12$yBOO
=999  \\$d587

