=LDR  02035aam a2200265   4500
=001  588
=008  210906s1750\\\\\\\af|||\||||\00|\0\fre\d
=041  \\$afre
=100  \\$aRameau, Jean-Philippe$d1683-1764$4aut$1http://www.wikidata.org/entity/Q1145$94787
=245  \\$aDémonstration du principe de l'harmonie :$bservant de base à tout l'art musical théorique et pratique
=250  \\$a1st ed.
=260  \\$aParis$bDurand$bPissot$c1750
=300  \\$axlvii-112-[4] pages$b5 folded sheets inserted
=500  \\$a"Though Rameau had already stated the fundamental principles of his revolutionary theory of harmony in his 'Traité de l'harmonie' of 1722, he continued to revise and adapt the new system until his death some forty years later. In 'Demonstration', Rameau offered a new derivation of the minor third (based upon a theory of multiple generation), and "altered his view of the subdominant [recognizing] its position as a product of musical experience rather than of nature" (GDM). Rameau submitted 'Demonstration' to the Academie Royale des Sciences, which gave the work its approval." (from an inserted note printed on paper from John Howell - Books San Francisco) 
=563  \\$akept in a hardcover, marbled box
=590  \\$aApprouvée par Messieurs de l'Académie Royale des Sciences, et dédiée à Monseigneur le Comte d'Argenson, Ministre et Secrétaire d'Etat
=648  \0$a18th Century (1701-1800)$1http://www.wikidata.org/entity/Q7015$920899
=650  \0$aMusic theory$1http://www.wikidata.org/entity/Q193544$92662
=650  \0$aHarmony$1http://www.wikidata.org/entity/Q184421$92358
=650  \0$aBasse fondamentale$1http://www.wikidata.org/entity/Q446114$922132
=651  \0$aFrance$1http://www.wikidata.org/entity/Q142$9131
=856  \\$uhttps://gallica.bnf.fr/view3if/ga/ark:/12148/bpt6k1082246/f1$3IIIF
=942  \\$cBOO
=952  \\$00$10$2ddc$40$6KTS_1_000000000000000_C3_24_03I32$70$8RAR$9588$aORPH$bORPH$cKTS1_C3$d2020-07-08$eKoopman$oKTS1 C3.24 03I32$p20145599$r2021-01-12 00:00:00$w2021-01-12$yBOO
=999  \\$d588

