=LDR  08663aam a2201609   4500
=001  589
=005  20251003085455.0
=008  220503s1877\\\\||||||||\c|||\00|\0\fre\d
=041  \\$afre
=100  \\$aCoussemaker, Edmond de$d1805-1876$4col$1http://www.wikidata.org/entity/Q1240856$97828
=245  \\$aCatalogue de la bibliothèque et des instruments de musique de feu M. Ch. Edm. H. de Coussemaker
=260  \\$aBrussels$bOlivier$c1877
=300  \\$aiv-208 pages
=500  \\$aCoussemaker (1805-) was "Chevalier de la Légion d'honneur, de l'Ordre Royal de Léopold de Belgique, de l'Ordre de St-Grégoire le Grand, et de plusieurs autres Ordres, correspondant de l'Institut de France, membre de l'Académie Impériale d'Autriche, de l'Académie Royale de Belgique, de la Société des Antiquaires de lOndres, de l'Institut Espagnol à Madrid, de l'Académie de Sainte-Cécile à Rome et de plusieurs autres Sociétés savantes."
=500  \\$aAccording to the preface, Coussemaker's library, "Au point de vue musical, elle peut prendre rang à côté de celles des de La Fage, des Farrenc et des Fétis" (pages iii-iv)
=500  \\$aAll book prices are noted alongside the titles (in ink)
=501  \\$aBound in with Nicolas Martin's 'Catalogue des livres anciens et modernes'
=648  \0$a19th Century (1801-1900)$1http://www.wikidata.org/entity/Q6955$920935
=650  \0$aBibliography$1http://www.wikidata.org/entity/Q134995$93965
=650  \0$aLibrary$1http://www.wikidata.org/entity/Q7075$94229
=650  \0$aCollecting$1http://www.wikidata.org/entity/Q208165$92117
=650  \0$aCatalogue$1http://www.wikidata.org/entity/Q2352616$921484
=650  \0$aAuction$1http://www.wikidata.org/entity/Q177923$93849
=651  \0$aBelgium$1http://www.wikidata.org/entity/Q31$920881
=653  \0$aad lib. bezetting$3137$020145600b$w03I33b$928471
=653  \0$aAgricola, M.$379$020145600b$w03I33b$928537
=653  \0$aakoestiek$370, 71$020145600b$w03I33b$928552
=653  \0$aAmbrosiaans$373$020145600b$w03I33b$928648
=653  \0$aAmiot$314$020145600b$w03I33b$928658
=653  \0$aArezzo, Guido van$357, 58$020145600b$w03I33b$928765
=653  \0$aAron, P.$364$020145600b$w03I33b$928794
=653  \0$abibliotheek$3197-198, 200$020145600b$w03I33b$929548
=653  \0$aBlanc, H. le$343$020145600b$w03I33b$929608
=653  \0$ablokfluit$3136, 137, 204, 205$020145600b$w03I33b$929645
=653  \0$aboekoplage$328, 53, 61$020145600b$w03I33b$929699
=653  \0$aboekprijs$3wb$020145600b$w03I33b$929701
=653  \0$abc$376$020145600b$w03I33b$929236
=653  \0$aBonanni$340$020145600b$w03I33b$929747
=653  \0$aBonnet, P.$39$020145600b$w03I33b$929753
=653  \0$aBorde, de la $317, 122$020145600b$w03I33b$929782
=653  \0$aBottrigari, H.$34$020145600b$w03I33b$929827
=653  \0$aBrossard, S.$37$020145600b$w03I33b$929961
=653  \0$aCalvisius, S.$387$020145600b$w03I33b$930145
=653  \0$acastraten$372$020145600b$w03I33b$930282
=653  \0$acello$379$020145600b$w03I33b$930344
=653  \0$aChédeville$3205$020145600b$w03I33b$930421
=653  \0$acister$331, 203, 204$020145600b$w03I33b$930490
=653  \0$anoëls$394-97, 107$020145600b$w03I33b$935260
=653  \0$aopera$336, 37$020145600b$w03I33b$935411
=653  \0$aCouperin, F.$379$020145600b$w03I33b$930793
=653  \0$adansen$339, 40$020145600b$w03I33b$930928
=653  \0$aoude muziek vroeger$3109, 132$020145600b$w03I33b$935658
=653  \0$aDestouches$3132$020145600b$w03I33b$931036
=653  \0$adiminuties$367, 68, 81$020145600b$w03I33b$931087
=653  \0$adoedelzak$3205$020145600b$w03I33b$931125
=653  \0$aDoni, J.B.$310$020145600b$w03I33b$931147
=653  \0$adouble$3121$020145600b$w03I33b$931169
=653  \0$aPenna, L.$367$020145600b$w03I33b$935844
=653  \0$aPeri, J.$3132$020145600b$w03I33b$935860
=653  \0$apochette$3202$020145600b$w03I33b$936040
=653  \0$aEngramelle$380$020145600b$w03I33b$931474
=653  \0$aPraetorius, M.$341$020145600b$w03I33b$936131
=653  \0$asolmisatie$370$020145600b$w03I33b$936344
=653  \0$aFrans-Italiaans$337, 38$020145600b$w03I33b$931874
=653  \0$aGafurius$361$020145600b$w03I33b$931969
=653  \0$atafelmuziek$396$020145600b$w03I33b$936725
=653  \0$agamba$372, 43, 202, 206$020145600b$w03I33b$931995
=653  \0$agitaar$3203$020145600b$w03I33b$932207
=653  \0$atheologie$3138, 145$020145600b$w03I33b$936895
=653  \0$aGluck$3133$020145600b$w03I33b$932235
=653  \0$agregoriaans$372-78, 85-93$020145600b$w03I33b$932368
=653  \0$agregoriaans en bc$376$020145600b$w03I33b$932372
=653  \0$aGrétry$3133$020145600b$w03I33b$932387
=653  \0$aHess, J.J.$343, 44, 79$020145600b$w03I33b$932752
=653  \0$ahobo$3205$020145600b$w03I33b$932805
=653  \0$aviola d'amore$3202$020145600b$w03I33b$937580
=653  \0$aHuygens, C.$327$020145600b$w03I33b$933032
=653  \0$ainventaris$3wb, 202-205$020145600b$w03I33b$933115
=653  \0$aWert, J. de $3106$020145600b$w03I33b$937936
=653  \0$aWillaert, A.$3105$020145600b$w03I33b$937973
=653  \0$aklarinet$3205$020145600b$w03I33b$933442
=653  \0$aklavecimbel$3205$020145600b$w03I33b$933450
=653  \0$aRameau, J.B.$381, 133$020145600b$w03I33b$938223
=653  \0$arederijkers$398, 129, 130, 160$020145600b$w03I33b$938298
=653  \0$aRoussier, Abbé$355, 81$020145600b$w03I33b$938599
=653  \0$aLasso, O. di $3106$020145600b$w03I33b$933916
=653  \0$aSaint Lambert$382$020145600b$w03I33b$938683
=653  \0$aLeeuw, C. de$3112$020145600b$w03I33b$933980
=653  \0$aluit$331, 42, 78, 134-136, 204, $020145600b$w03I33b$934262
=653  \0$aLully$36, 132$020145600b$w03I33b$934271
=653  \0$amandoline$3204$020145600b$w03I33b$934419
=653  \0$aMarais, M.$3132, 136$020145600b$w03I33b$934441
=653  \0$amise-en-scène$332, 39$020145600b$w03I33b$939272
=653  \0$aMasson, C.$383$020145600b$w03I33b$934518
=653  \0$aMatthysz, P.$3111, 114, 137$020145600b$w03I33b$934544
=653  \0$ameer benutten zelfde partituur$395, 100, 101, 112, 114$020145600b$w03I33b$934589
=653  \0$aMeibomius$356$020145600b$w03I33b$934613
=653  \0$aMersenne$353, 66$020145600b$w03I33b$934691
=653  \0$ametronoom_18e eeuw$370, 71$020145600b$w03I33b$934721
=653  \0$amilitaire muziek$3107$020145600b$w03I33b$934762
=653  \0$aMontéclair$3133$020145600b$w03I33b$934846
=653  \\$aAnders, H.$3126$928686$020145600b$w03I33b
=653  \\$aBacilly$377$929002$020145600b$w03I33b
=653  \\$aBijns, Anna$398, 99$911989$020145600b$w03I33b
=653  \\$aBontempi, A.A.$39$929765$020145600b$w03I33b
=653  \\$aButler, J.$3114$930076$020145600b$w03I33b
=653  \\$aElst, J. vd$367$931438$020145600b$w03I33b
=653  \\$aEyck, D. van $3137$931570$020145600b$w03I33b
=653  \\$aFage, A. de la$311, 13, 55$910801$020145600b$w03I33b
=653  \\$aFIscher, J.P.A.$344$931731$020145600b$w03I33b
=653  \\$aGenle, H.$3134$932121$020145600b$w03I33b
=653  \\$ageuzeliederen$331$932166$020145600b$w03I33b
=653  \\$aGooden Fluyt Hemel$3137$932275$020145600b$w03I33b
=653  \\$aGruthuse$3143$932450$020145600b$w03I33b
=653  \\$aHaka, R.$3205$932511$020145600b$w03I33b
=653  \\$aHofhaimer, P.$3117$932833$020145600b$w03I33b
=653  \\$akanonier$3146$933304$020145600b$w03I33b
=653  \\$aKnock, N.M.$344$933650$020145600b$w03I33b
=653  \\$aLe Gallois$33$933959$020145600b$w03I33b
=653  \\$aLefevre, S. $3125$933985$020145600b$w03I33b
=653  \\$aLossius, L.$3109$934221$020145600b$w03I33b
=653  \\$aloterij$3123, 124$934223$020145600b$w03I33b
=653  \\$aMaier, M.$3130$934367$020145600b$w03I33b
=653  \\$aMuris, J. de$358-60$934957$020145600b$w03I33b
=653  \\$apardessus de viole$3202$935759$020145600b$w03I33b
=653  \\$aparodie$395, 120$935769$020145600b$w03I33b
=653  \\$aPrintz, J.C.$39$936211$020145600b$w03I33b
=653  \\$aSchmid, B.$3136$938890$020145600b$w03I33b
=653  \\$aSouterliedekens$3112, 113$936387$020145600b$w03I33b
=653  \\$aSwaen, M. de$3162$914317$020145600b$w03I33b
=653  \\$aTroiano, M.$3192$937181$020145600b$w03I33b
=653  \\$aUitnemend Kabinet$3137$937286$020145600b$w03I33b
=653  \\$aVanneo, St. $362$937349$020145600b$w03I33b
=856  \\$uhttps://books.google.be/books?id=FlzQAAAAMAAJ$3Google Books
=942  \\$cBOO
=952  \\$00$10$2ddc$40$6KTS_1_000000000000000_C3_24_03I33B$70$8RAR$9589$aORPH$bORPH$cKTS1_C3$d2020-07-08$eKoopman$oKTS1 C3.24 03I33b$p20145600b$r2021-01-12 00:00:00$w2021-01-12$yBOO
=999  \\$d589

