=LDR  08917aam a2201753   4500
=001  590
=005  20251003085455.0
=008  221130s1885\\\\||||||||\b|||\00|\0\fre\d
=041  \\$afre
=100  \\$aMartin, Nicolas$d1810-1882$4col$1http://www.wikidata.org/entity/Q110224521$95330
=245  \\$aCatalogue des livres anciens et modernes composant la bibliothèque musicale et théatrale de feu M. Martin
=260  \\$aParis$bPorquet$c1885
=300  \\$avi-178 pages
=500  \\$aNicolas Martin (1810-1882) was a choir conductor and music professor in Marseille
=500  \\$aAll book prices and buyers are noted alongside the titles (in ink)
=501  \\$aBound in with Charles Edmond Coussemaker's 'Catalogue de la bibliothèque et des instruments de musique'
=648  \0$a19th Century (1801-1900)$1http://www.wikidata.org/entity/Q6955$920935
=650  \0$aLibrary$1http://www.wikidata.org/entity/Q7075$94229
=650  \0$aCatalogue$1http://www.wikidata.org/entity/Q2352616$921484
=651  \0$aFrance$1http://www.wikidata.org/entity/Q142$9131
=653  \0$aad lib. bezetting$3144$020145600a$w03I33a$928471
=653  \0$aAlembert, d'$329$020145600a$w03I33a$928584
=653  \0$aAmbrosiaans$366, 67$020145600a$w03I33a$928648
=653  \0$aAnerio, F.$3149$020145600a$w03I33a$928694
=653  \0$aArcadelt$3157$020145600a$w03I33a$928751
=653  \0$aBach, C.P.E.$372, 73, 127$020145600a$w03I33a$928902
=653  \0$aBach, J.Chr.$3165$020145600a$w03I33a$928919
=653  \0$abibliotheek$383$020145600a$w03I33a$929548
=653  \0$aBan, A.$312$020145600a$w03I33a$929060
=653  \0$aBlanc, H. le$376$020145600a$w03I33a$929608
=653  \0$aBoccherini, L.$3166$020145600a$w03I33a$929654
=653  \0$aboekprijs$3wb$020145600a$w03I33a$929701
=653  \0$abc$345, 165$020145600a$w03I33a$929236
=653  \0$aBenda$3151$020145600a$w03I33a$929408
=653  \0$aBorde, de la$374$020145600a$w03I33a$929781
=653  \0$aBenevoli, O.$3127$020145600a$w03I33a$929425
=653  \0$aBerardi$332$020145600a$w03I33a$929432
=653  \0$aBernier, N.$3127, 150$020145600a$w03I33a$929463
=653  \0$aBrossard, S.$35$020145600a$w03I33a$929961
=653  \0$aCaccini$394$020145600a$w03I33a$930098
=653  \0$aCampra, A.$394, 97, 129$020145600a$w03I33a$930173
=653  \0$acapella$3144$020145600a$w03I33a$930216
=653  \0$aCazzati, M.$3129$020145600a$w03I33a$930335
=653  \0$aCharpentier, M.A.$395$020145600a$w03I33a$930409
=653  \0$aChinese muziek$37$020145600a$w03I33a$930437
=653  \0$aCimarosa$396, 130$020145600a$w03I33a$930481
=653  \0$aColonna, P.$3130, 131$020145600a$w03I33a$930605
=653  \0$aNivers, S.$3142$020145600a$w03I33a$935257
=653  \0$aobligaat klavecimbel$3168$020145600a$w03I33a$935313
=653  \0$aopera$392-126$020145600a$w03I33a$935411
=653  \0$aCouperin, F.$3167$020145600a$w03I33a$930793
=653  \0$adansen$390-91$020145600a$w03I33a$930928
=653  \0$aDelalande, M.$3139$020145600a$w03I33a$930993
=653  \0$aDescartes$337, 38$020145600a$w03I33a$931024
=653  \0$aDesmarest$397$020145600a$w03I33a$931028
=653  \0$aDestouches$397$020145600a$w03I33a$931036
=653  \0$adiminuties$3147$020145600a$w03I33a$931087
=653  \0$apartimento$3170$020145600a$w03I33a$935775
=653  \0$aPenna, L.$367$020145600a$w03I33a$935844
=653  \0$aPepusch, J.$359$020145600a$w03I33a$935848
=653  \0$aPergolesi$3110, 111, 144, 170$020145600a$w03I33a$935854
=653  \0$aPeri, J.$3111$020145600a$w03I33a$935860
=653  \0$aDumont$3143, 154$020145600a$w03I33a$931295
=653  \0$aPhilidor$3111, 159$020145600a$w03I33a$935921
=653  \0$aDurante, F.$3132, 133, 154, 167$020145600a$w03I33a$931320
=653  \0$aPiccini$3112$020145600a$w03I33a$935958
=653  \0$aPorpora, N.$3159$020145600a$w03I33a$936085
=653  \0$aenharmoniek$315$020145600a$w03I33a$931476
=653  \0$aPraetorius, M.$3145$020145600a$w03I33a$936131
=653  \0$aEximeno$338, 39$020145600a$w03I33a$931564
=653  \0$aPurcell, H.$3159$020145600a$w03I33a$936282
=653  \0$aFétis$36, 10, $020145600a$w03I33a$931694
=653  \0$aFrans-Italiaans$382, 83, 84, 87, 88$020145600a$w03I33a$931874
=653  \0$aFrescobaldi, G.$3154, 167$020145600a$w03I33a$931903
=653  \0$aGabrieli$3154, 157$020145600a$w03I33a$931959
=653  \0$aGafurius$358$020145600a$w03I33a$931969
=653  \0$aGaluppi$3168$020145600a$w03I33a$931992
=653  \0$agamba$376, 77$020145600a$w03I33a$931995
=653  \0$agitaar$3170$020145600a$w03I33a$932207
=653  \0$aGluck$399$020145600a$w03I33a$932235
=653  \0$agregoriaans$346$020145600a$w03I33a$932368
=653  \0$aGregoriaans en bc$345$020145600a$w03I33a$932371
=653  \0$aGrétry$383, 84, 99, 100$020145600a$w03I33a$932387
=653  \0$aHändel, G.F.$3100-10, 135, 155, 168, 170$020145600a$w03I33a$932536
=653  \0$aharp$375$020145600a$w03I33a$932582
=653  \0$aHasse$3102, 103, 135, 136$020145600a$w03I33a$932603
=653  \0$aHaydn, J.$3103, 136, 137, 155, 168$020145600a$w03I33a$932639
=653  \0$aViadana, L. $3148$020145600a$w03I33a$937530
=653  \0$avihuela$3169$020145600a$w03I33a$937547
=653  \0$ainventaris$383$020145600a$w03I33a$933115
=653  \0$aJomelli$3104, 137, 138$020145600a$w03I33a$933231
=653  \0$ajongenssopraan$329$020145600a$w03I33a$933241
=653  \0$aJust$3166$020145600a$w03I33a$933270
=653  \0$aZacconi, L.$361$020145600a$w03I33a$938069
=653  \0$aRameau, J.P.$351, 53, 54, 112, 113, 159, 170$020145600a$w03I33a$938224
=653  \0$aklavecimbelconcerti$3166$020145600a$w03I33a$933531
=653  \0$aRore, C. de$3156, 160$020145600a$w03I33a$938549
=653  \0$aRoussier, Abbé$32, 24, 55$020145600a$w03I33a$938599
=653  \0$aSacchini$3113, 116$020145600a$w03I33a$938668
=653  \0$aLebegue$3168$020145600a$w03I33a$933965
=653  \0$aLegrenzi, G.$3156$020145600a$w03I33a$933990
=653  \0$aLeo, L.$3139$020145600a$w03I33a$934052
=653  \0$aScarlatti, A.$3161$020145600a$w03I33a$938789
=653  \0$aLocatelli, P.$3168$020145600a$w03I33a$934169
=653  \0$aluit$3170, 171$020145600a$w03I33a$934262
=653  \0$aLully$36, 105, 106, 140$020145600a$w03I33a$934271
=653  \0$aSermes, F. de = Mersenne$349$020145600a$w03I33a$939064
=653  \0$aMarais, M.$3106, 168$020145600a$w03I33a$934441
=653  \0$aMarenzio$3154, 157$020145600a$w03I33a$934461
=653  \0$amise-en-scène$380$020145600a$w03I33a$939272
=653  \0$aMartini, Padre$319, 141$020145600a$w03I33a$934501
=653  \0$aMattheson$318, 47, 48, 58$020145600a$w03I33a$934534
=653  \0$ameer benutten zelfde partituur$3134, 145, 146$020145600a$w03I33a$934589
=653  \0$aMéhul$3106, 107, 109$020145600a$w03I33a$934609
=653  \0$aMersenne$318, 19, 48, 49$020145600a$w03I33a$934691
=653  \0$aMerula, C.$3157$020145600a$w03I33a$934696
=653  \0$aMondonville$3107, 108, 141, 169$020145600a$w03I33a$934813
=653  \0$aMonsigny$3108$020145600a$w03I33a$934830
=653  \0$aMontéclair$3108$020145600a$w03I33a$934846
=653  \0$aMonteverdi, C.$3157$020145600a$w03I33a$934854
=653  \0$aMorley, Th.$3158$020145600a$w03I33a$934893
=653  \0$aMouret$3108$020145600a$w03I33a$934915
=653  \0$amuseum$376$020145600a$w03I33a$934968
=653  \\$a4-mains$3166$928377$020145600a$w03I33a
=653  \\$aanti-theater$380$928716$020145600a$w03I33a
=653  \\$aBeer, J.$331$929354$020145600a$w03I33a
=653  \\$aBoethius$333$95706$020145600a$w03I33a
=653  \\$aCaecilia$36$930108$020145600a$w03I33a
=653  \\$aCifra, A.$3130$930474$020145600a$w03I33a
=653  \\$aclavecin électrique$374$930515$020145600a$w03I33a
=653  \\$aGantez, A.$311$932004$020145600a$w03I33a
=653  \\$ala pieuse alouette$3145$933840$020145600a$w03I33a
=653  \\$aMaier, M.$3157$934367$020145600a$w03I33a
=653  \\$amuziekautomaten$374$935067$020145600a$w03I33a
=653  \\$anamen van kopers$3wb$935139$020145600a$w03I33a
=653  \\$aPadovano, A.$3156$935703$020145600a$w03I33a
=653  \\$aPaisiello$3110$935717$020145600a$w03I33a
=653  \\$aPalestrina$3143, 144$935723$020145600a$w03I33a
=653  \\$aPrintz, J.C.$352$936211$020145600a$w03I33a
=653  \\$aReussner$3170$938393$020145600a$w03I33a
=653  \\$aStriggio, A.$3157$936632$020145600a$w03I33a
=653  \\$aTitelouze$3171$936953$020145600a$w03I33a
=653  \\$aTrabacci, G.M.$3162$937059$020145600a$w03I33a
=653  \\$aUgolini, v.$3148$937275$020145600a$w03I33a
=653  \\$aWerckmeister, A.$360, 73$937929$020145600a$w03I33a
=653  \\$aWoltz, J.$3171$938046$020145600a$w03I33a
=942  \\$cBOO
=952  \\$00$10$2ddc$40$6KTS_1_000000000000000_C3_24_03I33A$70$8RAR$9590$aORPH$bORPH$cKTS1_C3$d2020-07-08$eKoopman$l0$oKTS1 C3.24 03I33a$p20145600a$r2021-01-12 00:00:00$w2021-01-12$yBOO
=999  \\$d590

