=LDR  01765aam a2200289   4500
=001  591
=008  230717r18371774|||fg|||\||||\00|\0\dut\d
=041  \\$adut$hita
=059  \\$av
=100  \\$aMancini, Giovanni Battista$d1714-1800$4aut$1http://www.wikidata.org/entity/Q1525889$95331
=245  \\$aOnderrigtingen en wenken omtrent het kunstmatig zingen
=260  \\$aAmsterdam$bDiederichs$c1837
=300  \\$aviii-123 pages$b3 folded sheets of music examples
=500  \\$aGiovanni Battista Mancini (1714-1800) was an Italian soprano castrato, voice teacher, and author of books on singing.
=500  \\$aThe translator of this work is unknown; "Liberally translated, with adaptation to the needs of the present time based on the French translation"
=534  \\$aOriginally 'Riflessioni pratiche sul canto figurato' (1774)
=590  \\$aVrij gevolgd, met toepassing op de behoeften van den tegenwoordigen tijd naar de Fransche vertaling
=648  \0$1http://www.wikidata.org/entity/Q7015$a18th Century (1701-1800)$920899
=648  \0$1http://www.wikidata.org/entity/Q6955$a19th Century (1801-1900)$920935
=650  \0$aMethod$1http://www.wikidata.org/entity/Q2250960$921402
=650  \0$aSinging$1http://www.wikidata.org/entity/Q27939$92767
=651  \0$1http://www.wikidata.org/entity/Q727$aAmsterdam (Netherlands)$9135
=765  \\$aRiflessioni pratiche sul canto figurato
=856  \\$uhttp://objects.library.uu.nl/reader/index.php?obj=1874-24122&lan=en#page//14/29/31/142931312350356851621937578090483055540.jpg/mode/1up$3University of Utrecht
=942  \\$cBOO
=952  \\$00$10$2ddc$40$6KTS_1_000000000000000_C3_24_03I34$70$8RAR$9591$aORPH$bORPH$cKTS1_C3$d2020-07-08$eKoopman$l0$oKTS1 C3.24 03I34$p20145598$r2021-01-12 00:00:00$w2021-01-12$yBOO
=999  \\$d591

