=LDR  01983    a2200349   4500
=001  592
=008  230719b\\\\\\\\||||||||\||||\00|\0\###\d
=041  \\$afre
=245  \\$aLe Magazine français$nvol. 2
=260  \\$a[Paris]$b[L'imprimerie de Crapele]$c1834
=300  \\$a[ii]-[130]-[105] pages
=500  \\$aWithout title page
=500  \\$athis periodical ran from November 1833 until June 1835
=505  \\$gSouvenirs d'un homme de cinquante-cinq ans : Sedaine, Talma, Garat -- Une matinée à Versailles (1808) / Ph. Busoni -- Variétés litteraires -- Thomas Morus / Sylvio Pellico -- Mémorandum Theatral$gNouvelle bibliothèque des romans
=561  \\$aEx libris Bibliotheek E. De Markas (stamp) & Praktizyns societeit (stamp)
=590  \\$arecueil mensuel contenant des fragmens de mémoires et voyages, traductions et imitations, anecdotes, contes et nouvelles, notices historiques, etc.; suivi d'une Nouvelle bibliothèque des romans, ou analyse de tous les romans
=648  \0$1http://www.wikidata.org/entity/Q6955$a19th Century (1801-1900)$920935
=650  \0$aTravel$1http://www.wikidata.org/entity/Q61509$94440
=650  \0$aLiterature$1http://www.wikidata.org/entity/Q8242$94439
=650  \0$aPlay (theater)$1http://www.wikidata.org/entity/Q25379$921414
=651  \0$1http://www.wikidata.org/entity/Q142$aFrance$9131
=653  \0$adiminutie$374$020145604$w03I35a$931086
=653  \0$agamba$3321$020145604$w03I35b$931995
=653  \0$atekstuitspraak$377$020145604$w03I35a$936786
=653  \0$aGrétry$3197$020145604$w03I35a$932387
=653  \0$azanger$373-79$020145604$w03I35a$938086
=653  \0$azangeres$3197$020145604$w03I35a$938089
=653  \0$aRossini$3197$020145604$w03I35a$938572
=653  \\$aLorenzani$3103$934214$020145604$w03I35a
=942  \\$cPER
=952  \\$00$10$2ddc$40$6KTS_1_000000000000000_C3_24_03I35$70$8RAR$9592$aORPH$bORPH$cKTS1_C3$d2020-07-08$eKoopman$l0$oKTS1 C3.24 03I35$p20145604$r2021-01-12 00:00:00$w2021-01-12$yPER
=999  \\$d592

