=LDR  05299aam a2200589   4500
=001  593
=008  210702m18431844\\\afg||\||||\00|\p\fre\d
=041  \\$afre
=059  \\$av pf
=059  \\$a4tpt
=059  \\$aSATB pf
=100  \\$aDumersan, Théophile Marion$d1780-1849$4edt$1http://www.wikidata.org/entity/Q2066224$95333
=245  \\$aChants et chansons populaires de la France :$btroisième série
=250  \\$a1st ed.
=260  \\$aParis$bDelloye$c1844
=300  \\$a[224 pages]$bvarious annotations and inserts, illustrations, music examples
=500  \\$aVery finely illustrated with vignettes above each score, cf. the pencil note "Wat is deze uitgave veel mooier dan dat andere boek (nadruk)"
=500  \\$aSubstantial foxing (brown spots) and water damage
=500  \\$aImages of, among others, Café Procope in 1743, Café de Foy at the Palais Royal 1789, Café des Mille Colonnes 1811, Café de Paris 1843
=505  \\$aIntroduction -- Le Café (pencil: "voor een professor in de harmonie niet erg mooi") -- L'Avarieuse (Philis, plus avare que tendre) -- Ah ! vous dirai-je, Maman (La Confidence) -- L'Amour est un enfant trompeur -- Le Cabaret -- Commençons la semaine -- Voulez-vous suivre un bon conseil -- Relantamplan, tambour battant -- Les Portraits à la mode (vaudeville à la ressource des théâtres) -- La Femme à vapeurs -- Le Gascon -- L'Éducation de l'Amour (La Naissance de l'Amour) -- Tontaine, Tonton ("in C is dit een prachtig jagde [sic] voor hoorn ... klinkt op jagdhoorn [sic] feroce voorgedragen prachtig!") -- Pauvre Jacques -- L'Amour filial -- La Pitié n'est pas de l'Amour -- Le Point du jour (Romance de l'opéra de Gulistan) -- La Fin du jour -- La Complainte de Fualdès (sur l'air du Maréchal de Saxe) -- Une Nuit de la Garde Nationale -- Plus on est de fous, plus on rit -- Une fièvre brûlante (Richard Cœur-de-Lion) -- Que le Sultan Saladin (Richard Cœur-de-Lion) -- La Danse n'est pas ce que j'aime (Richard Cœur-de-Lion) -- Prophétie Turgotine -- Le Flaneur -- La Gamelle patriotique -- Grace à la mode -- L'Émigration du Plaisir (air du vaudeville des Visitandines) -- Manon la couturière -- Asmodée -- J'ai du bon tabac -- Je n'aimais pas le tabac beaucoup (couplet du Diable à quatre) -- La Pipe de tabac (chanson du Petit Matelot) -- Le Petit maître -- Le Réveil du peuple -- Héloïse et Abailard (Air: de Malbrough) -- Hymne à l'Être suprême (Père de l'Univers) -- Dormez donc, mes chères amours -- Vivre loin de ses amours -- La Véillée
=648  \0$a18th Century (1701-1800)$1http://www.wikidata.org/entity/Q7015$920899
=648  \0$a19th Century (1801-1900)$1http://www.wikidata.org/entity/Q6955$920935
=650  \0$aPoetry$1http://www.wikidata.org/entity/Q482$93026
=650  \0$aSong$1http://www.wikidata.org/entity/Q7366$94164
=650  \0$aOpera$1http://www.wikidata.org/entity/Q1344$92468
=650  \0$aVaudeville$1http://www.wikidata.org/entity/Q17118203$921841
=650  \0$aFine art$1http://www.wikidata.org/entity/Q219625$921579
=651  \0$aFrance$1http://www.wikidata.org/entity/Q142$9131
=700  \\$4cmp$4lyr$aFavart, Charles-Simon$d1710-1792$1http://www.wikidata.org/entity/Q981902$95423
=700  \\$4cmp$aSolié, Jean-Pierre$d1755-1812$1http://www.wikidata.org/entity/Q537540$921839
=700  \\$4cmp$aCharrin$921838
=700  \\$4cmp$aGaveaux, Pierre$d1760-1825$1http://www.wikidata.org/entity/Q605375$921185
=700  \\$4cmp$aDalayrac, Nicolas$d1753-1809$1http://www.wikidata.org/entity/Q952520$96382
=700  \\$4cmp$aGouffé, Armand$d1775-1845$1http://www.wikidata.org/entity/Q2861861$98291
=700  \\$4cmp$aGrétry, André-Ernest-Modeste$d1741-1813$1http://www.wikidata.org/entity/Q210962$94756
=700  \\$4cmp$aGossec, François Joseph$d1734-1829$1http://www.wikidata.org/entity/Q313667$94747
=700  \\$4cmp$aBeauplan, Amédée de$d1790-1853$1http://www.wikidata.org/entity/Q2844716$921844
=700  \\$4cmp$aBoieldieu, François-Adrien$d1775-1834$95137
=700  \\$4arr$aColet, Hippolyte Raymond$d1808-1851$1http://www.wikidata.org/entity/Q1620013$921834
=700  \\$4lyr$aScribe, Eugène$d1791-1861$1http://www.wikidata.org/entity/Q319261$95460
=700  \\$4lyr$aDelestre-Poirson, Charles-Gaspard$d1790-1859$1http://www.wikidata.org/entity/Q2958089$921840
=700  \\$4lyr$aSedaine, Michel-Jean$d1719-1797$1http://www.wikidata.org/entity/Q367243$97704
=700  \\$4lyr$aDesorgues, Théodore$d1763-1808$1http://www.wikidata.org/entity/Q3526417$921843
=700  \\$4att$aBeaumarchais, Pierre-Augustin Caron de$d1732-1799$1http://www.wikidata.org/entity/Q70326$95190
=700  \\$4ill$aGiraud, Eugène$d1806-1881$1http://www.wikidata.org/entity/Q323923$921833
=700  \\$4ill$aTrimolet, Louis Joseph$d1812-1843$1http://www.wikidata.org/entity/Q3262361$921835
=700  \\$4ill$aSteinheil, Louis$d1814-1885$1http://www.wikidata.org/entity/Q1871582$921837
=700  \\$4egr$aNargeot, Jean Denis$d1795-1871$1http://www.wikidata.org/entity/Q3165326$921836
=856  4\$uhttps://books.google.fr/books?id=7O9gAAAAcAAJ
=942  \\$cBOO
=952  \\$00$10$2ddc$40$6KTS_1_000000000000000_C3_24_03I36$70$8RAR$9593$aORPH$bORPH$cKTS1_C3$d2020-07-08$eKoopman$l0$oKTS1 C3.24 03I36$p20136766$r2021-01-12 00:00:00$w2021-01-12$yBOO
=999  \\$d593

