=LDR  01181acm a2200265   4500
=001  596
=008  230719s1784\\\\|||||le|\||||\00|\0\eng\d
=041  \\$aeng
=059  \\$aorg
=100  \\$aHandel, George Frideric$d1685-1759$4cmp$1http://www.wikidata.org/entity/Q7302$94765
=240  \\$aop. 7, HWV 306-311
=245  \\$aThird Set of Six Concertos for the Harpsichord or Organ
=260  \\$aLondon$bHarrison$c1784
=300  \\$a33 pages
=500  \\$aOrgan part only
=648  \0$1http://www.wikidata.org/entity/Q7015$a18th Century (1701-1800)$920899
=650  \0$aInstrumental music$1http://www.wikidata.org/entity/Q639197$92106
=650  \0$aConcerto$1http://www.wikidata.org/entity/Q9748$921817
=650  \0$aOrgan$1http://www.wikidata.org/entity/Q1444$92810
=650  \0$aHarpsichord$1http://www.wikidata.org/entity/Q81982$92125
=651  \0$1http://www.wikidata.org/entity/Q84$aLondon (United Kingdom)$9123
=773  \\$021610$tHandel's Organ Concertos$w21610
=942  \\$cSCO
=952  \\$00$10$2ddc$40$6KTS_1_000000000000000_C3_25_03J01C$70$8RAR$9596$aORPH$bORPH$cKTS1_C3$d2020-07-08$eKoopman$l0$oKTS1 C3.25 03J01c$p20145606c$r2021-01-12 00:00:00$w2021-01-12$ySCO
=999  \\$d596

