=LDR  01564    a2200313   4500
=001  599
=008  210308n\\\\\\\\\\\||l|||||||\00|\0\fre\d
=041  \\$afre
=059  \\$aorg
=100  \\$aBlanc, Jean$4cmp$95336
=245  \\$aMorceaux pour l'orgue
=260  \\$aDôle$c1824
=300  \\$a34 pages
=500  \\$aUnpublished autograph by a little-known composer (17??-18??), containing interesting instructions for registration
=533  \\$aDigitized by iGuana, Spring 2022
=648  \0$a19th Century (1801-1900)$1http://www.wikidata.org/entity/Q6955$920935
=650  \0$aOrgan music$1http://www.wikidata.org/entity/Q2003283$91951
=650  \0$aOrgan registration$1http://www.wikidata.org/entity/Q7309439$923402
=650  \0$aOrgan stop$1http://www.wikidata.org/entity/Q1446290$93297
=650  \0$aArticulation$1http://www.wikidata.org/entity/Q372923$922209
=651  \0$aDole (France)$1http://www.wikidata.org/entity/Q205586$924236
=653  \0$aBeethoven$326-27$020136062$w03J02$929355
=653  \0$aorgelregistratie$3wb$020136062$w03J02$935575
=653  \\$aBlanc, J.$324, 30, 68-72$929609$020136062$w03J02
=856  \\$uhttps://uv-v4.netlify.app/#?manifest=https://sharedcanvas.be/IIIF/manifests/d8bc6064-49a2-11ed-84f2-b2a6f7db5080$3IIIF
=856  \\$uhttps://sharedcanvas.be/IIIF/manifests/d8bc6064-49a2-11ed-84f2-b2a6f7db5080$3IIIF manifest
=942  \\$cMS
=952  \\$00$10$2ddc$40$6KTS_1_000000000000000_C3_25_03J02$70$8RAR$9599$aORPH$bORPH$cKTS1_C3$d2020-07-08$eKoopman$oKTS1 C3.25 03J02$p20136062$r2021-01-12 00:00:00$w2021-01-12$yMS
=999  \\$d599

