=LDR  01526acm a2200277   4500
=001  604
=008  230720r17941793|||||le|\||||\00|\0\fre\d
=041  \\$afre
=059  \\$ahpd/pf vn vc
=100  \\$aPleyel, Ignaz$d1757-1831$4cmp$1http://www.wikidata.org/entity/Q314019$95340
=240  \\$aB. 443-445
=245  \\$aTrois sonates pour le clavecin ou piano forte$bAccompagnées d'un violon et violoncelle
=260  \\$aMainz$bSchott$c[1794]
=300  \\$a29-9-7 pages
=500  \\$aParts bound in
=534  \\$aOriginally published as 'Three (and three) Grand Sonatas for the Pianoforte or Harpsichord. In Which Are Introduced for the Subjects of the Adagios and Last Movements Select Scottish Airs with Accompanyments for a Violin and Violoncello' (London: Preston)
=648  \0$1http://www.wikidata.org/entity/Q7015$a18th Century (1701-1800)$920899
=650  \0$aSonata$1http://www.wikidata.org/entity/Q131269$921653
=650  \0$aHarpsichord$1http://www.wikidata.org/entity/Q81982$92125
=650  \0$aPiano$1http://www.wikidata.org/entity/Q5994$92127
=650  \0$aCello$1http://www.wikidata.org/entity/Q8371$92688
=650  \0$aViolin$1http://www.wikidata.org/entity/Q8355$92783
=856  \\$uhttps://daten.digitale-sammlungen.de/~db/0000/bsb00007026/images/index.html?seite=00001&l=de$3Bavarian State Library
=942  \\$cSCO
=952  \\$00$10$2ddc$40$6KTS_1_000000000000000_C3_25_03J07$70$8RAR$9604$aORPH$bORPH$cKTS1_C3$d2020-07-08$eKoopman$l0$oKTS1 C3.25 03J07$p20145609$r2021-01-12 00:00:00$w2021-01-12$ySCO
=999  \\$d604

