=LDR  01271acm a2200265   4500
=001  605
=008  230720s1798\\\\|||||le|\||||\00|\0\fre\d
=041  \\$afre
=059  \\$apf 4h
=100  \\$aMozart, Wolfgang Amadeus$d1756-1791$4cmp$1http://www.wikidata.org/entity/Q254$95341
=240  \\$aKV 394, 401, 426, 501, 521
=245  \\$a6 pièces pour le pianoforte à deux et à quatre mains
=260  \\$aLeipzig$bBreitkopf & Härtel$c1798
=300  \\$a97 pages$clarge oblong
=500  \\$aContains Andante con variationi, Fantasia (2), Fuga (2), Sonata
=650  \0$aPiano$1http://www.wikidata.org/entity/Q5994$92127
=650  \0$aQuatre mains$1http://www.wikidata.org/entity/Q227484$922186
=650  \0$aSonata$1http://www.wikidata.org/entity/Q131269$921653
=650  \0$aFugue$1http://www.wikidata.org/entity/Q181014$93142
=650  \0$aFantasia$1http://www.wikidata.org/entity/Q836571$921930
=650  \0$aTheme and variations$1http://www.wikidata.org/entity/Q763324$92038
=856  4\$uhttps://haab-digital.klassik-stiftung.de/viewer/!image/879094834/1/-/
=942  \\$cSCO
=952  \\$00$10$2ddc$40$6KTS_1_000000000000000_C3_25_03J08$70$8RAR$9605$aORPH$bORPH$cKTS1_C3$d2020-07-08$eKoopman$l0$oKTS1 C3.25 03J08$p20145611$r2021-01-12 00:00:00$w2021-01-12$ySCO
=999  \\$d605

