=LDR  03139acm a2200577   4500
=001  608
=008  230720s1761\\\\|||||l||\||||\00|\0\eng\d
=041  \\$aeng
=059  \\$ahpd
=100  \\$aJones, John$4cmp$95345
=245  \\$aLessons for the Harpsichord$nvol. 2
=250  \\$a1st ed.
=260  \\$aLondon$bJones$c1761
=300  \\$a[v]-63 pages
=500  \\$aJohn Jones (1728-1796) was an English organist, who served at the St Paul's Cathedral. He composed two volumes of harpsichord lessons, and some of the earliest Anglican psalm chants.
=500  \\$aVol. 1 was also published in 1761
=648  \0$1http://www.wikidata.org/entity/Q7015$a18th Century (1701-1800)$920899
=650  \0$aHarpsichord$1http://www.wikidata.org/entity/Q81982$92125
=650  \0$aMusic education$1http://www.wikidata.org/entity/Q27908$921766
=651  \0$1http://www.wikidata.org/entity/Q84$aLondon (United Kingdom)$9123
=653  \0$aAbel, C.F.$3subscr. list i$020145616$w03J11$928421
=653  \0$aartikulatie$38, 51$020145616$w03J11$928817
=653  \0$aAvison, C.$3subscr. list i$020145616$w03J11$928885
=653  \0$aboekoplage$3subscr. list i$020145616$w03J11$929699
=653  \0$aBoyce, W.$3subscr. list i$020145616$w03J11$929866
=653  \0$aBurney, C.$3subscr. list i$020145616$w03J11$930058
=653  \0$anotatieproblemen$32, 6, 7, 12, 16, 17, 26, 28, 35$020145616$w03J11$935285
=653  \0$adynamiek$328, 44, 45, 46, 53, 54$020145616$w03J11$931346
=653  \0$aHays, Ph.$3subscr. list ii$020145616$w03J11$932651
=653  \\$a2 klav. stuk $328$928364$020145616$w03J11
=653  \\$aAylward, Th.$3subscr. list i$928887$020145616$w03J11
=653  \\$aBattishall, J.$3subscr. list i$929222$020145616$w03J11
=653  \\$aCamidge, J.$3subscr. list i$930151$020145616$w03J11
=653  \\$aCooke, B.$3subscr. list i$930710$020145616$w03J11
=653  \\$aDubourgh, M.$3subscr. list i$931263$020145616$w03J11
=653  \\$aFitzwilliam, Ch.&Anne$3subscr. list ii$931737$020145616$w03J11
=653  \\$aKelway, J.$3subscr. list ii$933354$020145616$w03J11
=653  \\$akruisen van handen$356, 57, 59-61, 63$933775$020145616$w03J11
=653  \\$aMainwaring, Fam. $3subscr. list ii$934373$020145616$w03J11
=653  \\$aNares$3subscr. list iii$935149$020145616$w03J11
=653  \\$aoktaaf in bas eigen notatie$333, 44, 46, 48, 51, 52, 54, 55$935349$020145616$w03J11
=653  \\$aPorter, S.$3subscr. list iii$936102$020145616$w03J11
=653  \\$aRandall, R.$3subscr. list iv$938236$020145616$w03J11
=653  \\$aSanders Dupuis, T.$3subscr. list i$938736$020145616$w03J11
=653  \\$aShudy$3subscr. list iv$939094$020145616$w03J11
=653  \\$aStanley, Fam$3subscr. list iv$936510$020145616$w03J11
=653  \\$aWalpole, E.$3subscr. list iv$937855$020145616$w03J11
=856  \\$uhttps://imslp.org/wiki/Lessons_for_the_Harpsichord_(Jones%2C_John)$3International Music Score Library Project
=942  \\$cSCO
=952  \\$00$10$2ddc$40$6KTS_1_000000000000000_C3_25_03J11$70$8RAR$9608$aORPH$bORPH$cKTS1_C3$d2020-07-08$eKoopman$l0$oKTS1 C3.25 03J11$p20145616$r2021-01-12 00:00:00$w2021-01-12$ySCO
=999  \\$d608

