=LDR  01330acm a2200289   4500
=001  610
=008  220616s1799\\\\|||||le|\||||\00|\0\fre\d
=041  \\$afre
=059  \\$apf vn vc
=100  \\$aHaydn, Joseph$d1732-1809$4cmp$1http://www.wikidata.org/entity/Q7349$94783
=240  \\$aHob.XV:6-8, 14, 16
=245  \\$aV sonates pour le pianoforte avec l'accompagnement de violon et violoncelle
=246  \1$aKeyboard trios
=260  \\$aLeipzig$bBreitkopf & Härtel$c1799
=300  \\$a63-16-14 pages
=490  \\$aŒuvres complettes de Joseph Haydn$vV
=561  \\$aEx libris Menzel (manuscript) & v. Müller (manuscript)
=648  \0$a18th Century (1701-1800)$1http://www.wikidata.org/entity/Q7015$920899
=650  \0$aSonata$1http://www.wikidata.org/entity/Q131269$921653
=650  \0$aKeyboard music$1http://www.wikidata.org/entity/Q105715630$921412
=650  \0$aPiano$1http://www.wikidata.org/entity/Q5994$92127
=650  \0$aViolin$1http://www.wikidata.org/entity/Q8355$92783
=650  \0$aCello$1http://www.wikidata.org/entity/Q8371$92688
=856  4\$uhttps://digital.library.unt.edu/ark:/67531/metadc673934/
=942  \\$cSCO
=952  \\$00$10$2ddc$40$6KTS_1_000000000000000_C3_25_03J13$70$8RAR$9610$aORPH$bORPH$cKTS1_C3$d2020-07-08$eKoopman$oKTS1 C3.25 03J13$p20145618$r2021-01-12 00:00:00$w2021-01-12$ySCO
=999  \\$d610

