=LDR  01971acm a2200289   4500
=001  613
=008  230724b\\\\\\\\|||||l||\||||\00|\0\eng\d
=041  \\$aeng
=059  \\$aorg/hpd
=100  \\$aStanley, John$d1712-1786$4cmp$1http://www.wikidata.org/entity/Q726286$94965
=240  \\$aop. 5, op. 6 & op. 7
=245  \\$aTen Voluntaries for the Organ or Harpsichord
=260  \\$aLondon$bHarrison & Co$cs.d.
=300  \\$a28-24-27 pages
=500  \\$aCharles John Stanley (1712-1786) was an English composer, violinist and organist. He had an accident when he was 2, which left him almost blind. Despite that, Stanley had a remarkable memory, which helped him direct many of Handel's oratorios and to enjoy music-making and card games with friends. If he had to accompany a new oratorio he would ask his sister-in-law to play it through just once – enough to commit it to memory. He frequently played the organ at the Vauxhall Gardens and was first choice to play at charity events and at the launch of any newly built church organs. He even found time to teach. His oratorio Jephthah was first performed in 1757. 
=500  \\$aExists in various modern editions; every opus nr. contains 10 voluntaries
=500  \\$aSee also 03J49
=501  \\$aBound in with Händel's 'Six Fugues or Voluntary's'
=534  \\$aOriginally published in 1748 (opus 5), 1752 (opus 6) & 1754 (opus 7)
=648  \0$1http://www.wikidata.org/entity/Q7015$a18th Century (1701-1800)$920899
=650  \0$aVoluntary$1http://www.wikidata.org/entity/Q3247534$923143
=650  \0$aOrgan$1http://www.wikidata.org/entity/Q1444$92810
=650  \0$aHarpsichord$1http://www.wikidata.org/entity/Q81982$92125
=651  \0$1http://www.wikidata.org/entity/Q84$aLondon (United Kingdom)$9123
=942  \\$cSCO
=952  \\$00$10$2ddc$40$6KTS_1_000000000000000_C3_25_03J15B$70$8RAR$9613$aORPH$bORPH$cKTS1_C3$d2020-07-08$eKoopman$l0$oKTS1 C3.25 03J15b$p20145620b$r2021-01-12 00:00:00$w2021-01-12$ySCO
=999  \\$d613

