=LDR  01254acm a2200241   4500
=001  615
=008  230724b\\\\\\\\|||||l||\||||\00|\0\ger\d
=041  \\$ager$heng
=059  \\$aSATB 2fl 2ob 2tpt timp 2vn vla bc
=100  \\$aHandel, George Frideric$d1685-1759$4cmp$1http://www.wikidata.org/entity/Q7302$94765
=245  \\$aDer 100. Psalm:$bJauchze dem Herrn alle Welt
=260  \\$aRotterdam$bPlattner$cs.d.
=300  \\$a48 pages
=500  \\$aLodewijk Plattner (1767-1842) was a music printer and dealer
=500  \\$aPeculiar version of Händel's Jubilate (Music for the Peace of Utrecht), canticle for soloists, chorus & orchestra, HWV 279, written in 1713.
=561  \\$aEx libris A.J. Wetrens (stamp) & Breitkopf & Härtel (stamp)
=648  \0$1http://www.wikidata.org/entity/Q7015$a18th Century (1701-1800)$920899
=648  \0$1http://www.wikidata.org/entity/Q6955$a19th Century (1801-1900)$920935
=650  \0$aPsalm$1http://www.wikidata.org/entity/Q12497663$92164
=650  \0$aVocal music$1http://www.wikidata.org/entity/Q685884$93319
=942  \\$cSCO
=952  \\$00$10$2ddc$40$6KTS_1_000000000000000_C3_25_03J17$70$8RAR$9615$aORPH$bORPH$cKTS1_C3$d2020-07-08$eKoopman$l0$oKTS1 C3.25 03J17$p20145622$r2021-01-12 00:00:00$w2021-01-12$ySCO
=999  \\$d615

