=LDR  03077    a2200589   4500
=001  616
=008  221116s1774\\\\|||||l||\||||\00|\0\dut\d
=041  \\$adut
=059  \\$av bc
=100  \\$aBruinsma, Ybe$4cmp$95348$d1725-1775
=245  \\$aNieuwe en eenigen bekenden melodyen
=260  \\$aAmsterdam$bWessing$c1774
=300  \\$a[vi]-40-32 pages$billustrations
=500  \\$aYbe Bruinsma was an organist and carilloneur in Nijmegen. 
=648  \0$a18th Century (1701-1800)$1http://www.wikidata.org/entity/Q7015$920899
=650  \0$aVocal music$1http://www.wikidata.org/entity/Q685884$93319
=650  \0$aSong$1http://www.wikidata.org/entity/Q7366$94164
=650  \0$aTempo$1http://www.wikidata.org/entity/Q189214$92723
=651  \0$aNetherlands$1http://www.wikidata.org/entity/Q55$9173
=653  \0$aaltviool$3tp$020145621$w03J18$928631
=653  \0$ablokfluit$3tp$020145621$w03J18$929645
=653  \0$aboekoplage$3intekenlijst$020145621$w03J18$929699
=653  \0$aop de wijze van $311, 12, 13, 14, 15, etc, register 32$020145621$w03J18$935398
=653  \0$adichteres$3vw, register, 12, 18, 19, 22, 27, 28, 30, 31$020145621$w03J18$931056
=653  \0$adwarsfluit$3tp$020145621$w03J18$931340
=653  \0$astrijkstok$3tp$020145621$w03J18$936635
=653  \0$atrompet$3tp$020145621$w03J18$937194
=653  \0$aversieringen om te zingen$3wb$020145621$w03J18$937487
=653  \0$aversieringsteken mordent [doorgestreept] = pral [niet doorgestreept]$3wb$020145621$w03J18$937489
=653  \0$aHess, J.$3intekenlijst$020145621$w03J18$932751
=653  \0$ahobo$3tp$020145621$w03J18$932805
=653  \0$ahoboriet$3tp$020145621$w03J18$932814
=653  \0$aviool$3tp$020145621$w03J18$937605
=653  \0$aWolff, Aagje$35, 9, 10$020145621$w03J18$938038
=653  \0$aklavecimbel_Nederland 18e eeuw$3tp$020145621$w03J18$933503
=653  \0$akoraal met fermate$314$020145621$w03J18$933705
=653  \0$aLodesteijn$3register, 39, 23, 24$020145621$w03J18$934175
=653  \0$aSluyter, W.$3register 7-11$020145621$w03J18$939164
=653  \0$ameer benutten zelfde partituur$3tp$020145621$w03J18$934589
=653  \\$aDitloff, Z.$3intekenlijst$931113$020145621$w03J18
=653  \\$aFraat, E. de$3intekenlijst$931847$020145621$w03J18
=653  \\$ahoorn$3tp$932928$020145621$w03J18
=653  \\$akoraal zonder fermate$315, 16$933707$020145621$w03J18
=653  \\$aonder de linde groene$339$935381$020145621$w03J18
=653  \\$aPotholt, J.$3opdracht, intekenlijst$936116$020145621$w03J18
=653  \\$aRademacher, D.$3intekenlijst$936334$020145621$w03J18
=653  \\$aSchill, J.P.$3intekenlijst$938868$020145621$w03J18
=653  \\$aSchull, R.$339, register 14, 15$938978$020145621$w03J18
=856  \\$uhttps://imslp.org/wiki/Nieuwe_en_Eenigen_Bekenden_Melodyen_(Bruinsma%2C_Ybe_Ages)$3International Music Score Library Project
=942  \\$cSCO
=952  \\$00$10$2ddc$40$6KTS_1_000000000000000_C3_25_03J18$70$8RAR$9616$aORPH$bORPH$cKTS1_C3$d2020-07-08$eKoopman$l0$oKTS1 C3.25 03J18$p20145621$r2021-01-12 00:00:00$w2021-01-12$ySCO
=999  \\$d616

