=LDR  01465acm a2200277   4500
=001  618
=008  230724s1778\\\\|||||l||\||||\00|\0\dut\d
=041  \\$adut
=059  \\$av vn/fl bc
=245  \\$aDe CL psalmen benevens de lofzangen:$bIn de Gereformeerde Kerke in gebruik voor den zang gevariëerd
=260  \\$aAmsterdam$bLoveringh$bAllard$bDe Bruyn$c1778
=300  \\$a[vi]-188 pages
=500  \\$apreceded by a 3-page lists of subscribers
=590  \\$aGesteld op de G sleutel met een besyfferde Bas, door eene zeer kundige hand voor 't Orgel, Clavecimbaal, de Fiool, Fluit en andere instrumenten
=648  \0$1http://www.wikidata.org/entity/Q7015$a18th Century (1701-1800)$920899
=650  \0$aProtestantism$1http://www.wikidata.org/entity/Q23540$921012
=650  \0$aPsalm$1http://www.wikidata.org/entity/Q12497663$92164
=650  \0$aVocal music$1http://www.wikidata.org/entity/Q685884$93319
=650  \0$aBasso continuo$1http://www.wikidata.org/entity/Q724321$921065
=650  \0$aOrgan$1http://www.wikidata.org/entity/Q1444$92810
=650  \0$aHarpsichord$1http://www.wikidata.org/entity/Q81982$92125
=651  \0$1http://www.wikidata.org/entity/Q55$aNetherlands$9173
=856  \\$uhttps://books.google.be/books?id=Yw6c0NzoHrEC$3Google Books
=942  \\$cSCO
=952  \\$00$10$2ddc$40$6KTS_1_000000000000000_C3_25_03J20$70$8RAR$9618$aORPH$bORPH$cKTS1_C3$d2020-07-08$eKoopman$l0$oKTS1 C3.25 03J20$p20145629$r2021-01-12 00:00:00$w2021-01-12$ySCO
=999  \\$d618

