=LDR  01732acm a2200325   4500
=001  619
=005  20250923161048.0
=008  220628s1777\\\\|||||l||\||||\00|\0\eng\d
=041  \\$aeng
=059  \\$apf/hpd 4h
=100  \\$aBurney, Charles$d1726-1814$4cmp$1http://www.wikidata.org/entity/Q547002$910020
=245  \\$aA Second Set of Four Sonatas or Duets.$bFor Two Performers on One Piano Forte or Harpsichord
=260  \\$aLondon$bBremner$c1777
=300  \\$a49 pages
=500  \\$aFor one keyboard four-hands. 
=500  \\$aBremner was a Scottish publisher who in 1754 set up a printing company in Edinburgh (see 05D09 and 09K25) which moved to London around 1762
=501  \\$aBound in with Clementi's '6 Sonatas op. 4' Contains contemporary, English fingerings.
=648  \0$a18th Century (1701-1800)$1http://www.wikidata.org/entity/Q7015$920899
=650  \0$aKeyboard music$1http://www.wikidata.org/entity/Q105715630$921412
=650  \0$aPiano$1http://www.wikidata.org/entity/Q5994$92127
=650  \0$aHarpsichord$1http://www.wikidata.org/entity/Q81982$92125
=650  \0$aQuatre mains$1http://www.wikidata.org/entity/Q227484$922186
=650  \0$aFreedom$1http://www.wikidata.org/entity/Q310735$923033
=650  \0$aFingering$1http://www.wikidata.org/entity/Q608487$921861
=651  \0$aLondon (United Kingdom)$1http://www.wikidata.org/entity/Q84$9123
=856  \\$uhttps://drive.google.com/drive/folders/1Muroc2mjYl1SyIMv6gBjn3jjZ_0iZHRZ$3Koopman Digital
=942  \\$cSCO
=952  \\$00$10$2ddc$40$6KTS_1_000000000000000_C3_25_03J21A$70$8RAR$9619$aORPH$bORPH$cKTS1_C3$d2020-07-08$eKoopman$oKTS1 C3.25 03J21a$p20145628a$r2021-01-12 00:00:00$w2021-01-12$ySCO
=999  \\$d619
=533  \\$aDigitized by iGuana, Spring 2025.

