=LDR  01512acm a2200325   4500
=001  621
=008  230731r17081700|||||l||\||||\00|\0\ita\d
=041  \\$aita
=059  \\$avn vc/hpd
=100  \\$aCorelli, Arcangelo$d1653-1713$4cmp$1http://www.wikidata.org/entity/Q164475$95351
=240  \\$aop. 5
=245  \\$aSonate a violino e violone o cimbalo
=250  \\$a2nd ed.
=260  \\$aAmsterdam$bRoger$c1708
=300  \\$a68 pages
=500  \\$acontains Corelli's own ornamentations
=500  \\$acited in Koopman 1985, 87
=534  \\$aOriginally published in 1700 (both parts)
=561  \\$aEx libris Juliani Marshall (plate) & Arthur F. Hill (plate)
=563  \\$aGreen leather cover, golden ornamentations and marbled endpapers
=648  \0$1http://www.wikidata.org/entity/Q7015$a18th Century (1701-1800)$920899
=650  \0$aSonata$1http://www.wikidata.org/entity/Q131269$921653
=650  \0$aViolin$1http://www.wikidata.org/entity/Q8355$92783
=650  \0$aViolone$1http://www.wikidata.org/entity/Q667047$921878
=650  \0$aHarpsichord$1http://www.wikidata.org/entity/Q81982$92125
=650  \0$aBasso continuo$1http://www.wikidata.org/entity/Q724321$921065
=856  \\$uhttps://imslp.org/wiki/12_Violin_Sonatas,_Op.5_(Corelli,_Arcangelo)$3International Music Score Library Project
=942  \\$cSCO
=952  \\$00$10$2ddc$40$6KTS_1_000000000000000_C3_25_03J22$70$8RAR$9621$aORPH$bORPH$cKTS1_C3$d2020-07-08$eKoopman$l0$oKTS1 C3.25 03J22$p20145627$r2021-01-12 00:00:00$w2021-01-12$ySCO
=999  \\$d621

