=LDR  02160    a2200385   4500
=001  622
=008  230731s1771\\\\|||||l||\||||\00|\0\eng\d
=041  \\$aeng
=059  \\$apf/hpd
=100  \\$aGarth, John$d1721-1810$4cmp$1http://www.wikidata.org/entity/Q2517501$95352
=240  \\$aop. 3
=245  \\$a6 Voluntaries For the Organ Piano Forte or Harpsichord 
=260  \\$aLondon$bWelcker$c1771
=300  \\$a27 pages
=500  \\$aJohn Garth (1721-1810) was an English composer, musician and teacher. Garth is chiefly remembered for his eight-volume edition with English text of The First Fifty Psalms Set to Music by Benedetto Marcello (1757–65). He also composed a set of cello concertos (op. 1, 1760) and five sets of harpsichord sonatas (opp. 2, 4–7, 1768–82), among other works.
=648  \0$1http://www.wikidata.org/entity/Q7015$a18th Century (1701-1800)$920899
=650  \0$aInstrumental music$1http://www.wikidata.org/entity/Q639197$92106
=650  \0$aVoluntary$1http://www.wikidata.org/entity/Q3247534$923143
=650  \0$aOrgan$1http://www.wikidata.org/entity/Q1444$92810
=650  \0$aHarpsichord$1http://www.wikidata.org/entity/Q81982$92125
=651  \0$1http://www.wikidata.org/entity/Q84$aLondon (United Kingdom)$9123
=653  \0$aartikulatie$35, 8, 11, 15, 22, 24, 25, 27$020145626$w03J23$928817
=653  \0$aBach, J.Chr.$3tp$020145626$w03J23$928919
=653  \0$aboekprijs$3tp$020145626$w03J23$929701
=653  \0$aGarth, J.$3tp$020145626$w03J23$932011
=653  \0$atemperatuur$31, 4, 14, 15-17, 18, 19, 21, 25$020145626$w03J23$936807
=653  \0$aGiordani$3tp$020145626$w03J23$932198
=653  \0$atoevoegen van trillers etc.$33, 5, 10, 11, 12$020145626$w03J23$936990
=653  \0$aHayes, Ph.$3tp$020145626$w03J23$932647
=653  \0$aMarcello, B.$3tp$020145626$w03J23$934447
=653  \\$aArnold$3tp$928789$020145626$w03J23
=653  \\$atoevoeging door ?$33, 5, 10, 11, 12$936995$020145626$w03J23
=942  \\$cSCO
=952  \\$00$10$2ddc$40$6KTS_1_000000000000000_C3_25_03J23$70$8RAR$9622$aORPH$bORPH$cKTS1_C3$d2020-07-08$eKoopman$l0$oKTS1 C3.25 03J23$p20145626$r2021-01-12 00:00:00$w2021-01-12$ySCO
=999  \\$d622

