=LDR  01292acm a2200265   4500
=001  624
=005  20250926134853.0
=008  230724q1820\\\\|||||l||\||||\00|\0\fre\d
=041  \\$afre
=059  \\$ahpd/pf
=100  \\$aBach, Johann Sebastian$d1685-1750$4cmp$1http://www.wikidata.org/entity/Q1339$94766
=240  \\$aGoldberg Variations, BWV 988
=245  \\$a30 variations fuguées, pour clavecin ou piano-forte
=260  \\$aParis$bRichault
=300  \\$a63 pages
=500  \\$aThe Goldberg Variations consist of an aria and a set of 30 variations. It is named after Johann Gottlieb Goldberg, who may also have been the first performer of the work. 
=534  \\$aOriginally published in 1741
=648  \0$1http://www.wikidata.org/entity/Q7015$a18th Century (1701-1800)$920899
=648  \0$1http://www.wikidata.org/entity/Q6955$a19th Century (1801-1900)$920935
=650  \0$aGoldberg Variations$1http://www.wikidata.org/entity/Q213728$924856
=650  \0$aHarpsichord$1http://www.wikidata.org/entity/Q81982$92125
=650  \0$aPiano$1http://www.wikidata.org/entity/Q5994$92127
=942  \\$cSCO
=952  \\$00$10$2ddc$40$6KTS_1_000000000000000_C3_25_03J26$70$8RAR$9624$aORPH$bORPH$cKTS1_C3$d2020-07-08$eKoopman$l0$oKTS1 C3.25 03J26$p20145624$r2021-01-12 00:00:00$w2021-01-12$ySCO
=999  \\$d624

