=LDR  01225    a2200253   4500
=001  625
=008  221201b\\\\\\\\|||||k||\||||\00|\0\dan\d
=041  \\$adan
=059  \\$av kbd
=100  \\$aBenda, Jiři Antonín$d1722-1795$4cmp$1http://www.wikidata.org/entity/Q213535$95354
=245  \\$aAriadne paa Naxos, et Duodrama af Brandes.$bSadti musik as indrettet for Klaveret
=260  \\$aCopenhagen$bs.n.$cs.d.
=300  \\$a24 pages
=534  \\$aOriginally 'Ariadne auf Naxos' (Gotha, 1775)
=648  \0$a18th Century (1701-1800)$1http://www.wikidata.org/entity/Q7015$920899
=650  \0$aMusic theater$1http://www.wikidata.org/entity/Q96394452$92065
=650  \0$aArticulation$1http://www.wikidata.org/entity/Q372923$922209
=650  \0$aArrangement$1http://www.wikidata.org/entity/Q379755$94282
=650  \0$aPiano$1http://www.wikidata.org/entity/Q5994$92127
=653  \0$adynamiek$3wb$020145630$w03J27$931346
=700  \\$4lbt$aBrandes, Johann Christian$d1735-1799$1http://www.wikidata.org/entity/Q112511$95178
=942  \\$cSCO
=952  \\$00$10$2ddc$40$6KTS_1_000000000000000_C3_25_03J27$70$8RAR$9625$aORPH$bORPH$cKTS1_C3$d2020-07-08$eKoopman$l0$oKTS1 C3.25 03J27$p20145630$r2021-01-12 00:00:00$w2021-01-12$ySCO
=999  \\$d625

