=LDR  01234acm a2200265   4500
=001  628
=005  20250926134853.0
=008  230731b\\\\\\\\||||||||\||||\00|\0\###\d
=041  \\$afre
=059  \\$ahpd/pf
=100  \\$aBach, Johann Sebastian$d1685-1750$4cmp$1http://www.wikidata.org/entity/Q1339$94766
=240  \\$aDas Wohltempertierte Klavier II, BWV 870-893
=245  \\$aVingt-quatre préludes et fugues.$bDans tous les tons et demi-tons du mode majeur et mineur, pour le clavecin ou piano-forte
=260  \\$aParis$bLe Duc$c1820c
=300  \\$a122 pages
=563  \\$arestored, kept in a red box
=650  \0$aInstrumental music$1http://www.wikidata.org/entity/Q639197$92106
=650  \0$aPrelude$1http://www.wikidata.org/entity/Q212148$921947
=650  \0$aFugue$1http://www.wikidata.org/entity/Q181014$93142
=650  \0$aPiano$1http://www.wikidata.org/entity/Q5994$92127
=650  \0$aHarpsichord$1http://www.wikidata.org/entity/Q81982$92125
=651  \0$1http://www.wikidata.org/entity/Q90$aParis (France)$9160
=942  \\$cSCO
=952  \\$00$10$2ddc$40$6KTS_1_000000000000000_C3_25_03J30$70$8RAR$9628$aORPH$bORPH$cKTS1_C3$d2020-07-08$eKoopman$l0$oKTS1 C3.25 03J30$p20145633$r2021-01-12 00:00:00$w2021-01-12$ySCO
=999  \\$d628

