=LDR  01453acm a2200277   4500
=001  629
=005  20250926134853.0
=008  220901s1844\\\\|||||l||\||||\00|\0\ger\d
=024  \\$2Peters$a2910
=041  \\$ager
=059  \\$aorg
=100  \\$aBach, Johann Sebastian$d1685-1750$4cmp$1http://www.wikidata.org/entity/Q1339$94766
=245  \\$aCompositionen für die Orgel$nvol. 2
=260  \\$aLeipzig$bPeters$c1844
=300  \\$a[vii]-87 pages
=500  \\$aSee also 15D01 for the complete Peters 1844 edition, or SCO BACH1 for Herrmann Keller's revision
=500  \\$aUsed by Ton Koopman for his recording at Waalse Kerk, Amsterdam, 1982 (Archiv Produktion, 1983) 
=648  \0$a18th Century (1701-1800)$1http://www.wikidata.org/entity/Q7015$920899
=650  \0$aOrgan music$1http://www.wikidata.org/entity/Q2003283$91951
=651  \0$aGermany$1http://www.wikidata.org/entity/Q183$9155
=700  \\$4edt$aGriepenkerl, Friedrich Conrad$d1782-1849$1http://www.wikidata.org/entity/Q1460491$95363
=700  \\$4edt$aRoitzsch, Friedrich August$d1805-1889$1http://www.wikidata.org/entity/Q59627908$95364
=856  \\$uhttps://imslp.org/wiki/Compositionen_f%C3%BCr_die_Orgel_(Bach%2C_Johann_Sebastian)$3International Music Score Library Project
=942  \\$cSCO
=952  \\$00$10$2ddc$40$6KTS_1_000000000000000_C3_25_03J31$70$8RAR$9629$aORPH$bORPH$cKTS1_C3$d2020-07-08$eKoopman$l0$oKTS1 C3.25 03J31$p20145634$r2021-01-12 00:00:00$w2021-01-12$ySCO
=999  \\$d629

