=LDR  01540acm a2200289   4500
=001  631
=008  230803s1786\\\\|||||l||\||||\00|\0\eng\d
=041  \\$aeng
=059  \\$av vn hpd
=100  \\$aHandel, George Frideric$d1685-1759$4cmp$1http://www.wikidata.org/entity/Q7302$94765
=240  \\$aHWV 56
=245  \\$aThe Overture and Songs in the Messiah, an Oratorio for the Voice, Harpsichord and Violin
=260  \\$aLondon$bHarrison$c1786
=300  \\$a32-[1] pages
=500  \\$aThe text was compiled from the King James Bible and the Coverdale Psalter by Charles Jennens. It was first performed in Dublin on 13 April 1742 and received its London premiere nearly a year later. 
=534  \\$aOriginal version composed in 1741
=648  \0$1http://www.wikidata.org/entity/Q7015$a18th Century (1701-1800)$920899
=650  \0$aOratorio$1http://www.wikidata.org/entity/Q85477$91825
=650  \0$aOverture$1http://www.wikidata.org/entity/Q202287$921591
=650  \0$aSong$1http://www.wikidata.org/entity/Q7366$94164
=650  \0$aHarpsichord$1http://www.wikidata.org/entity/Q81982$92125
=650  \0$aViolin$1http://www.wikidata.org/entity/Q8355$92783
=651  \0$1http://www.wikidata.org/entity/Q84$aLondon (United Kingdom)$9123
=700  \\$1http://www.wikidata.org/entity/Q1065074$4lbt$aJennens, Charles$d1700-1773$910767
=942  \\$cSCO
=952  \\$00$10$2ddc$40$6KTS_1_000000000000000_C3_25_03J33$70$8RAR$9631$aORPH$bORPH$cKTS1_C3$d2020-07-08$eKoopman$l0$oKTS1 C3.25 03J33$p20145640$r2021-01-12 00:00:00$w2021-01-12$ySCO
=999  \\$d631

