=LDR  01216aam a2200253   4500
=001  633
=008  230731b\\\\\\\\|||g|l||\||||\00|\0\fre\d
=041  \\$afre
=059  \\$akbd
=100  \\$aMüller, August Eberhard$4aut$95230
=245  \\$aPremiers principes Contenant diverses pièces et études pour le doigter très facile progressives et instructives
=260  \\$aRotterdam$bPlattner$cs.d.
=300  \\$a11 pages
=500  \\$aAugust Eberhard Müller arranged the keyboard reduction of Mozart's 'Don Giovanni' (Vienna: Steiner, 1810)
=650  \0$aMethod$1http://www.wikidata.org/entity/Q2250960$921402
=650  \0$aKeyboard instrument$1http://www.wikidata.org/entity/Q52954$92849
=650  \0$aFingering$1http://www.wikidata.org/entity/Q608487$921861
=651  \0$aRotterdam (Netherlands)$1http://www.wikidata.org/entity/Q34370$962
=653  \0$aartikulatie$36-11$020145638$w03J35$928817
=653  \0$aboekprijs$3tp$020145638$w03J35$929701
=653  \0$avingerzetting$33-11$020145638$w03J35$937568
=942  \\$cBOO
=952  \\$00$10$2ddc$40$6KTS_1_000000000000000_C3_25_03J35$70$8RAR$9633$aORPH$bORPH$cKTS1_C3$d2020-07-08$eKoopman$l0$oKTS1 C3.25 03J35$p20145638$r2021-01-12 00:00:00$w2021-01-12$ySCO
=999  \\$d633

