=LDR  02027    a2200385   4500
=001  634
=008  230731s1763\\\\|||||l||\||||\00|\0\eng\d
=041  \\$aeng
=059  \\$ahpd
=245  \\$aThe Harpsichord Miscellany$nvol. 2
=260  \\$aLondon$bBremner$c1763 [?]
=300  \\$a27 pages
=500  \\$aBremner was a Scottish publisher who in 1754 set up a printing company in Edinburgh (see 05D09 and 09K25) which moved to London around 1762
=648  \0$1http://www.wikidata.org/entity/Q7015$a18th Century (1701-1800)$920899
=650  \0$aInstrumental music$1http://www.wikidata.org/entity/Q639197$92106
=650  \0$aHarpsichord$1http://www.wikidata.org/entity/Q81982$92125
=650  \0$aMusic education$1http://www.wikidata.org/entity/Q27908$921766
=651  \0$1http://www.wikidata.org/entity/Q84$aLondon (United Kingdom)$9123
=653  \0$aad lib. bezetting$327$020145636$w03J36$928471
=653  \0$aarpeggio$325, 27$020145636$w03J36$928797
=653  \0$aartikulatie$34, 6, 7, 10, 12, 14$020145636$w03J36$928817
=653  \0$aNardini, P.$3III, V (8-12, 17-21)$020145636$w03J36$935148
=653  \0$anotatieproblemen$36, 15, 17, 18, 19, 20$020145636$w03J36$935285
=653  \0$adynamiek$324, 26, 27$020145636$w03J36$931346
=653  \0$atemperatuur$313, 14, 15, 16, 17, 22, 23$020145636$w03J36$936807
=653  \0$aharp$327$020145636$w03J36$932582
=653  \\$aAlbert, D.$3I, VI (1, 2, 22, 23)$928557$020145636$w03J36
=653  \\$aKelly$324-27$933350$020145636$w03J36
=653  \\$aPasquali, N.$3II, IV, tp (4-7), (13-16)$935780$020145636$w03J36
=700  \\$4cmp$aPasquali, Nicolò$d1718-1757$95368
=700  \\$1http://www.wikidata.org/entity/Q319766$4cmp$aAlberti, Domenico$dc. 1710-1746$95369
=700  \\$1http://www.wikidata.org/entity/Q727374$4cmp$aNardini, Pietro$d1722-1793$95370
=942  \\$cSCO
=952  \\$00$10$2ddc$40$6KTS_1_000000000000000_C3_25_03J36$70$8RAR$9634$aORPH$bORPH$cKTS1_C3$d2020-07-08$eKoopman$l0$oKTS1 C3.25 03J36$p20145636$r2021-01-12 00:00:00$w2021-01-12$ySCO
=999  \\$d634

