=LDR  01337    a2200277   4500
=001  637
=008  221201q1803\\\\|||||l||\||||\00|\0\fre\d
=041  \\$afre
=059  \\$apf
=100  \\$aMozart, Wolfgang Amadeus$d1756-1791$4cmp$1http://www.wikidata.org/entity/Q254$95341
=240  \\$aVariations for keyboard in F major, KV 54 (547b / Anh. 138a)
=245  \\$aVariations pour le forte-piano$nno. 1
=260  \\$aLeipzig$bHoffmeister & Kühnel$c1803 [?]
=300  \\$a5 pages
=500  \\$aSpurious variations of the 3rd movement of the violin sonata KV 547.
=648  \0$a18th Century (1701-1800)$1http://www.wikidata.org/entity/Q7015$920899
=650  \0$aTheme and variations$1http://www.wikidata.org/entity/Q763324$92038
=650  \0$aKeyboard music$1http://www.wikidata.org/entity/Q105715630$921412
=650  \0$aPiano$1http://www.wikidata.org/entity/Q5994$92127
=650  \0$aArticulation$1http://www.wikidata.org/entity/Q372923$922209
=651  \0$aAustria$1http://www.wikidata.org/entity/Q40$9202
=651  \0$aGermany$1http://www.wikidata.org/entity/Q183$9155
=653  \0$adynamiek$34, 5$020145648$w03J39$931346
=942  \\$cSCO
=952  \\$00$10$2ddc$40$6KTS_1_000000000000000_C3_25_03J39$70$8RAR$9637$aORPH$bORPH$cKTS1_C3$d2020-07-08$eKoopman$l0$oKTS1 C3.25 03J39$p20145648$r2021-01-12 00:00:00$w2021-01-12$ySCO
=999  \\$d637

