=LDR  01866    a2200337   4500
=001  640
=008  220920q1840\\\\|||||p||\||||\00|\0\fre\d
=041  \\$afre
=059  \\$apf 4h
=100  \\$aMozart, Wolfgang Amadeus$d1756-1791$4cmp$1http://www.wikidata.org/entity/Q254$95341
=240  \\$aEntführung aus dem Serail, KV 384
=245  \\$aOuverture [de l'Enlèvement] arrangée à 4 mains pour le pianoforte
=260  \\$aBonn$bSimrock$aGroningen$bBrachthuizer$cc. 1840
=300  \\$a11 pages
=500  \\$aIdentical in contents to 09K45; actually the Simrock edition, Bonn, the imprint of which was pasted over with Brachthuizer's; "de l'Enlèvement" was added in manuscript on the title page
=533  \\$aPhotographed with iPhone, 13 August 2020
=561  \\$aEx libris J. G. Holthuis (dry stamp)
=648  \0$a18th Century (1701-1800)$1http://www.wikidata.org/entity/Q7015$920899
=648  \0$a19th Century (1801-1900)$1http://www.wikidata.org/entity/Q6955$920935
=650  \0$aOpera$1http://www.wikidata.org/entity/Q1344$92468
=650  \0$aOverture$1http://www.wikidata.org/entity/Q202287$921591
=650  \0$aArrangement$1http://www.wikidata.org/entity/Q379755$94282
=650  \0$aPiano$1http://www.wikidata.org/entity/Q5994$92127
=650  \0$aQuatre mains$1http://www.wikidata.org/entity/Q227484$922186
=650  \0$aArticulation$1http://www.wikidata.org/entity/Q372923$922209
=653  \0$adynamiek$3wb$020145642$w03J42$931346
=700  \\$4arr$aEbers, Carl Friedrich$d1770-1836$1http://www.wikidata.org/entity/Q16191518$95375
=856  \\$uhttps://drive.google.com/drive/folders/18NIIpp_xEOIPm2N4A8o_BwakPZio6Gdq$3Koopman Digital
=942  \\$cSCO
=952  \\$00$10$2ddc$40$6KTS_1_000000000000000_C3_25_03J42$70$8RAR$9640$aORPH$bORPH$cKTS1_C3$d2020-07-08$eKoopman$l0$oKTS1 C3.25 03J42$p20145642$r2021-01-12 00:00:00$w2021-01-12$ySCO
=999  \\$d640

