=LDR  01813    a2200337   4500
=001  643
=008  210308n\\\\\\\\be\||l|||||||\00|\0\eng\d
=041  \\$aeng
=059  \\$afl/vn kbd
=110  \\$4dte$aNorfolk Militia (United Kingdom)$1http://www.wikidata.org/entity/Q19872880$924973
=245  \\$aMarch for the Norfolk Militia
=260  \\$as.l.$c1757-1814
=300  \\$a1 page
=500  \\$aThe Norfolk Militia was formed in 1757 and existed until 1814
=501  \\$aBound in with John Stanleys Solos opp. 1 and 4
=533  \\$aDigitized by iGuana, Spring 2022
=563  \\$aBound in with Stanley's 'Six Solo's for a German Flute… op. 4' and his 'Eight Solo's op. 1'
=648  \0$a18th Century (1701-1800)$1http://www.wikidata.org/entity/Q7015$920899
=648  \0$a19th Century (1801-1900)$1http://www.wikidata.org/entity/Q6955$920935
=650  \0$aMarch$1http://www.wikidata.org/entity/Q211025$922862
=650  \0$aMilitary history$1http://www.wikidata.org/entity/Q192781$93874
=651  \0$aUnited Kingdom$1http://www.wikidata.org/entity/Q21$9273
=653  \0$aartikulatie$36, 7, 8, 9, 10, 11, 12, 13, 14, 15, 16, 17, 19, 20, 21, 23, 24, 25, 26, 27, 28$020136072b$w03J45b$928817
=653  \0$anotatieproblemen$34, 11, 19$020136072b$w03J45b$935285
=653  \\$alicentie$3vw$934091$020136072b$w03J45b
=700  \\$4col$aWarner, Thomas Lee$95376
=856  \\$uhttps://uv-v4.netlify.app/#?manifest=https://sharedcanvas.be/IIIF/manifests/d8bc599a-49a2-11ed-84f2-865c61227e0e$3IIIF
=856  \\$uhttps://sharedcanvas.be/IIIF/manifests/d8bc599a-49a2-11ed-84f2-865c61227e0e$3IIIF manifest
=942  \\$cMS
=952  \\$00$10$2ddc$40$6KTS_1_000000000000000_C3_25_03J45B$70$8RAR$9643$aORPH$bORPH$cKTS1_C3$d2020-07-08$eKoopman$l0$oKTS1 C3.25 03J45b$p20136072b$r2021-01-12 00:00:00$w2021-01-12$yMS
=999  \\$d643

