=LDR  01980    a2200373   4500
=001  644
=008  210308s1845\\\\be\||l||\||||\00|\0\eng\d
=041  \\$aeng
=059  \\$afl/vn hpd
=100  \\$aStanley, John$d1712-1786$4cmp$1http://www.wikidata.org/entity/Q726286$94965
=240  \\$aop. 1
=245  \\$aEight Solo's for a German Flute, Violin or Harpsichord
=260  \\$aLondon$bJohnson$c1745
=300  \\$a34 pages
=501  \\$aBound in with 'March for the Norfolk Militia' and Stanley's 'Six Solo's for a German Flute… op. 4'
=533  \\$aDigitized by iGuana, Spring 2022
=561  \\$aEx libris Thomas Lee Warner
=648  \0$a18th Century (1701-1800)$1http://www.wikidata.org/entity/Q7015$920899
=650  \0$aInstrumental music$1http://www.wikidata.org/entity/Q639197$92106
=650  \0$aInstrumentation$1http://www.wikidata.org/entity/Q617028$923032
=650  \0$aFreedom$1http://www.wikidata.org/entity/Q310735$923033
=651  \0$aLondon (United Kingdom)$1http://www.wikidata.org/entity/Q84$9123
=653  \0$aartikulatie$34, 5, 6, 9, 16, 17, 21, 22, 23, 24, 27, 32, 33$020136072a$w03J45a$928817
=653  \0$aboekprijs$3tp$020136072a$w03J45a$929701
=653  \0$anotatieproblemen$35, 26, 27, 30, 34$020136072a$w03J45a$935285
=653  \\$aFelton_concerti voor orgel/klav$3tp$931652$020136072a$w03J45a
=653  \\$aMarch for the Norfolk militia$334$934449$020136072a$w03J45a
=653  \\$aStanley, J._klavecimbel solo's$3tp$936512$020136072a$w03J45a
=700  \\$4col$aWarner, Thomas Lee$95376
=856  \\$uhttps://uv-v4.netlify.app/#?manifest=https://sharedcanvas.be/IIIF/manifests/d8bc5313-49a2-11ed-84f2-975f24cc9a33$3IIIF
=856  \\$uhttps://sharedcanvas.be/IIIF/manifests/d8bc5313-49a2-11ed-84f2-975f24cc9a33$3IIIF manifest
=942  \\$cSCO
=952  \\$00$10$2ddc$40$6KTS_1_000000000000000_C3_25_03J45A$70$8RAR$9644$aORPH$bORPH$cKTS1_C3$d2020-07-08$eKoopman$oKTS1 C3.25 03J45a$p20136072a$r2021-01-12 00:00:00$w2021-01-12$ySCO
=999  \\$d644

