=LDR  01581acm a2200313   4500
=001  645
=008  210308s1745\\\\be\||l||\||||\00|\0\eng\d
=041  \\$aeng
=059  \\$afl/vn/hpd bc
=100  \\$aStanley, John$d1712-1786$4cmp$1http://www.wikidata.org/entity/Q726286$94965
=240  \\$aop. 4
=245  \\$aSix Solo's for a German Flute, Violin or Harpsichord$bOpera quarto
=250  \\$a1st ed.
=260  \\$aLondon$bJohnson$c1745
=300  \\$a28 pages
=533  \\$aDigitized by iGuana, Spring 2022
=561  \\$aEx libris Thomas Lee Warner
=563  \\$aBound in with 'March for the Norfolk Militia' and Stanley's 'Eight Solo's op. 1'
=648  \0$a18th Century (1701-1800)$1http://www.wikidata.org/entity/Q7015$920899
=650  \0$aSonata$1http://www.wikidata.org/entity/Q131269$921653
=650  \0$aInstrumentation$1http://www.wikidata.org/entity/Q617028$923032
=650  \0$aFreedom$1http://www.wikidata.org/entity/Q310735$923033
=651  \0$aUnited Kingdom$1http://www.wikidata.org/entity/Q21$9273
=700  \\$4dte$aGeorge II$cKing of Great Britain$d1683-1760$1http://www.wikidata.org/entity/Q131981$925011
=856  \\$uhttps://uv-v4.netlify.app/#?manifest=https://sharedcanvas.be/IIIF/manifests/7f33c849-4a5b-11ed-8aeb-d52b4437a55c$3IIIF
=856  \\$uhttps://sharedcanvas.be/IIIF/manifests/7f33c849-4a5b-11ed-8aeb-d52b4437a55c$3IIIF manifest
=942  \\$cSCO
=952  \\$00$10$2ddc$40$6KTS_1_000000000000000_C3_25_03J45C$70$8RAR$9645$aORPH$bORPH$cKTS1_C3$d2020-07-08$eKoopman$l0$oKTS1 C3.25 03J45c$p20136072c$r2021-01-12 00:00:00$w2021-01-12$ySCO
=999  \\$d645

