=LDR  01779acm a2200289   4500
=001  650
=008  230808q1846\\\\|||||a||\||||\00|\0\ger\d
=041  \\$ager
=059  \\$aorg 4tbn timp
=100  1\$aVolckmar, W.$d1812-1887$4cmp$1http://www.wikidata.org/entity/Q215694$95379
=240  \\$aop. 43
=245  \\$aNun danket alle Gott! Concertstück für die Orgel
=260  \\$as.l.$bKörner$c1846-65
=300  \\$a13 pages
=500  \\$aWilhelm Valentin Volckmar (1812-1887) was a German organ virtuoso, music teacher and composer.
=500  \\$aIn 1835 he became a seminary music teacher in Homberg (Efze) in North Hesse. He became famous as an organ virtuoso, and in 1846 he was appointed Dr. h.c. and in 1886 professor. During his lifetime, Volckmar was famous as an organist, especially because of his masterful pedal playing, but also as an improviser and theoretician. He maintained friendly relations with Franz Liszt, who also arranged for a papal asucription. Because of his numerous instrumental pedagogical works, he was also called the also called the "Czerny" of the organ.
=500  \\$aUnfindable work
=561  \\$aEx libris A. Steketee Jz., Goes (stamp)
=648  \0$1http://www.wikidata.org/entity/Q6955$a19th Century (1801-1900)$920935
=650  \0$aOrgan$1http://www.wikidata.org/entity/Q1444$92810
=650  \0$aFantasia$1http://www.wikidata.org/entity/Q836571$921930
=650  \0$aWind instrument$1http://www.wikidata.org/entity/Q173453$94615
=651  \0$1http://www.wikidata.org/entity/Q183$aGermany$9155
=700  \\$4dte$95380$aZeiss, A.
=942  \\$cSCO
=952  \\$00$10$2ddc$40$6KTS_1_000000000000000_C3_25_03J50$70$8RAR$9650$aORPH$bORPH$cKTS1_C3$d2020-07-08$eKoopman$l0$oKTS1 C3.25 03J50$p20145656$r2021-01-12 00:00:00$w2021-01-12$ySCO
=999  \\$d650

