=LDR  01227acm a2200265   4500
=001  652
=008  230808b\\\\\\\\|||||l||\||||\00|\0\eng\d
=041  \\$aeng
=059  \\$aorg/hpd
=100  \\$aDupuis, Thomas Sanders$d1733-1796$4cmp$1http://www.wikidata.org/entity/Q3525547$95382
=240  \\$aop. 8
=245  \\$aPieces for the Organ or Harpsichord
=260  \\$aLondon$bPreston$cs.d.
=300  \\$a33 pages
=500  \\$aThomas Sanders Dupuis (1733-1796) was William Boyce's successor as organist to the Chapel Royal
=500  \\$adedicated to John Spencer
=648  \0$1http://www.wikidata.org/entity/Q7015$a18th Century (1701-1800)$920899
=650  \0$aInstrumental music$1http://www.wikidata.org/entity/Q639197$92106
=650  \0$aOrgan$1http://www.wikidata.org/entity/Q1444$92810
=650  \0$aHarpsichord$1http://www.wikidata.org/entity/Q81982$92125
=650  \0$aMusic education$1http://www.wikidata.org/entity/Q27908$921766
=651  \0$1http://www.wikidata.org/entity/Q84$aLondon (United Kingdom)$9123
=942  \\$cSCO
=952  \\$00$10$2ddc$40$6KTS_1_000000000000000_C3_25_03J52$70$8RAR$922870$aORPH$bORPH$cKTS1_C3$d2020-07-08$eKoopman$l0$oKTS1 C3.25 03J52$p20145649$r2021-01-12 00:00:00$w2021-01-12$ySCO
=999  \\$d652

