=LDR  01401acm a2200277   4500
=001  655
=005  20250923161048.0
=008  230803q1790\\\\|||||l||\||||\00|\0\eng\d
=041  \\$aeng
=059  \\$ahpd
=100  \\$aScarlatti, Domenico$d1685-1757$4cmp$1http://www.wikidata.org/entity/Q167837$95383
=245  \\$aForty Two Suits of Lessons for the Harpsichord$nvols. 1-2
=260  \\$aLondon$bJohnson$cs.d.
=300  \\$a[i]-62+67 pages
=500  \\$a2 vols. in 1
=500  \\$aSee also 03J54 for 3 vols.
=590  \\$aNB. I think the following pieces for their delicacy of style, and masterly composition worthy of the attention of the curious, which I have carefully revised & corrected from the errors of the prefs. -T. Roseingrave
=648  \0$1http://www.wikidata.org/entity/Q7015$a18th Century (1701-1800)$920899
=650  \0$aHarpsichord$1http://www.wikidata.org/entity/Q81982$92125
=650  \0$aMusic education$1http://www.wikidata.org/entity/Q27908$921766
=651  \0$1http://www.wikidata.org/entity/Q84$aLondon (United Kingdom)$9123
=700  \\$1http://www.wikidata.org/entity/Q682009$4edt$aRoseingrave, Daniel$d?-1727$95384
=942  \\$cSCO
=952  \\$00$10$2ddc$40$6KTS_1_000000000000000_C3_25_03J55$70$8RAR$9655$aORPH$bORPH$cKTS1_C3$d2020-07-08$eKoopman$l0$oKTS1 C3.25 03J55$p20145651$r2021-01-12 00:00:00$w2021-01-12$ySCO
=999  \\$d655
=533  \\$aDigitized by iGuana, Spring 2025.

