=LDR  01216adm a2200253   4500
=001  657
=008  210308s1795\\\\be\||l|||||||\00|\0\ita\d
=041  \\$aita
=059  \\$ahpd
=100  \\$aValeri, Gaetano$d1760-1822$4cmp$1http://www.wikidata.org/entity/Q3757149$95385
=245  \\$aSinfonia per cembalo
=260  \\$aPadua$c1795
=300  \\$a7 pages
=500  \\$aGaetano Valeri (1760-1822) was an organist and composer in Padua
=533  \\$aDigitized by iGuana, Spring 2022
=648  \0$a18th Century (1701-1800)$1http://www.wikidata.org/entity/Q7015$920899
=650  \0$aSymphony$1http://www.wikidata.org/entity/Q9734$92527
=650  \0$aHarpsichord$1http://www.wikidata.org/entity/Q81982$92125
=651  \0$aPadua (Italy)$1http://www.wikidata.org/entity/Q617$923322
=856  \\$uhttps://uv-v4.netlify.app/#?manifest=https://sharedcanvas.be/IIIF/manifests/d8bc54c0-49a2-11ed-84f2-9253ce67863b$3IIIF
=856  \\$uhttps://sharedcanvas.be/IIIF/manifests/d8bc54c0-49a2-11ed-84f2-9253ce67863b$3IIIF manifest
=942  \\$cMS
=952  \\$00$10$2ddc$40$6KTS_1_000000000000000_C3_25_03J57$70$8RAR$9657$aORPH$bORPH$cKTS1_C3$d2020-07-08$eKoopman$oKTS1 C3.25 03J57$p20136068$r2021-01-12 00:00:00$w2021-01-12$yMS
=999  \\$d657

