=LDR  01300adm a2200277   4500
=001  658
=005  20250121142058.0
=008  210308n\\\\\\\\be\||l|||||||\00|\0\fre\d
=041  \\$afre
=059  \\$ahpd
=100  \\$aVanhal, Johann Baptist$d1739-1813$4cmp$1http://www.wikidata.org/entity/Q450670$96546
=240  \\$aop. 33
=245  \\$aCaprice pour le clavecin
=260  \\$as.l.$c179x
=300  \\$a23 pages
=500  \\$aFrom the 'Trois caprises pour le clavecin ou piano forte' op. 31 (c. 1790?)
=533  \\$aDigitized by iGuana, Spring 2022
=648  \0$a18th Century (1701-1800)$1http://www.wikidata.org/entity/Q7015$920899
=650  \0$aKeyboard music$1http://www.wikidata.org/entity/Q105715630$921412
=650  \0$aHarpsichord$1http://www.wikidata.org/entity/Q81982$92125
=650  \0$aCapriccio$1http://www.wikidata.org/entity/Q876812$921722
=856  \\$uhttps://uv-v4.netlify.app/#?manifest=https://sharedcanvas.be/IIIF/manifests/68a5d33c-4a3f-11ed-bca1-c65056857b25$3IIIF
=856  \\$uhttps://sharedcanvas.be/IIIF/manifests/68a5d33c-4a3f-11ed-bca1-c65056857b25$3IIIF manifest
=942  \\$cMS
=952  \\$00$10$2ddc$40$6KTS_1_000000000000000_C3_25_03J58$70$8RAR$9658$aORPH$bORPH$cKTS1_C3$d2020-07-08$eKoopman$oKTS1 C3.25 03J58$p20136069$r2021-01-12 00:00:00$w2021-01-12$yMS
=999  \\$d658

