=LDR  01294acm a2200253   4500
=001  660
=008  230808q1815\\\\|||||l||\||||\00|\0\ger\d
=041  \\$ager
=059  \\$apf
=100  \\$aWilms, Johann Wilhelm$d1772-1847$4cmp$1http://www.wikidata.org/entity/Q540689$95388
=240  \\$aop. 43
=245  \\$aDie Schlacht von Waterloo oder La Belle-Alliance am 18ten Juny
=260  \\$aAmsterdam$bSteup$c1815 [?]
=300  \\$a19 pages
=500  \\$aJohann Wilhelm Wilms (1772-1847) was a Dutch-German composer, best known for setting the poem Wien Neêrlands Bloed to music, which served as the Dutch national anthem from 1815 to 1932.
=590  \\$aein historisches Tongemahlde fur das Piano forte
=648  \0$1http://www.wikidata.org/entity/Q6955$a19th Century (1801-1900)$920935
=650  \0$aInstrumental music$1http://www.wikidata.org/entity/Q639197$92106
=650  \0$aPiano$1http://www.wikidata.org/entity/Q5994$92127
=650  \0$aMilitary history$1http://www.wikidata.org/entity/Q192781$93874
=651  \0$1http://www.wikidata.org/entity/Q727$aAmsterdam (Netherlands)$9135
=942  \\$cSCO
=952  \\$00$10$2ddc$40$6KTS_1_000000000000000_C3_25_03J60$70$8RAR$9660$aORPH$bORPH$cKTS1_C3$d2020-07-08$eKoopman$l0$oKTS1 C3.25 03J60$p20145660$r2021-01-12 00:00:00$w2021-01-12$ySCO
=999  \\$d660

