=LDR  01212acm a2200253   4500
=001  661
=008  230808s1847\\\\|||||l||\||||\00|\0\dut\d
=041  \\$adut
=059  \\$apf/org
=100  \\$aDerx, Georg Wilhelm$d1801-1864$4cmp$1http://www.wikidata.org/entity/Q28554590$95389
=240  \\$aop. 35
=245  \\$aDe melodiën der evangelische gezangen voor piano of orgel (zonder pedaal)
=260  \\$aHaarlem$bs.n.$c1847
=300  \\$a68 pages
=500  \\$aGeorg Wilhelm Derx (1801-1864) was a Dutch organist, composer, music merchant and music teacher.
=500  \\$aDating, see 'De Tijd: merkwaardigheden der letterkunde en geschiedenis'
=648  \0$1http://www.wikidata.org/entity/Q6955$a19th Century (1801-1900)$920935
=650  \0$aReligion$1http://www.wikidata.org/entity/Q9174$93062
=650  \0$aPiano$1http://www.wikidata.org/entity/Q5994$92127
=650  \0$aOrgan$1http://www.wikidata.org/entity/Q1444$92810
=651  \0$1http://www.wikidata.org/entity/Q9920$aHaarlem (Netherlands)$921584
=942  \\$cSCO
=952  \\$00$10$2ddc$40$6KTS_1_000000000000000_C3_25_03J61$70$8RAR$9661$aORPH$bORPH$cKTS1_C3$d2020-07-08$eKoopman$l0$oKTS1 C3.25 03J61$p20145659$r2021-01-12 00:00:00$w2021-01-12$ySCO
=999  \\$d661

