=LDR  01429atm a2200265   4500
=001  662
=008  210308n\\\\\\\\be\g|||||||||\00|\0\ita\d
=041  \\$aita
=059  \\$abc
=100  \\$aPaisiello, Giovanni$d1740-1816$4att$95361
=245  \\$aPrime regole per accompagnare
=260  \\$as.l.$c17xx [?]
=300  \\$a32 pages
=500  \\$aThe opening 2 pages correspond with Paisiello's 'Regole per bene accompagnare il partimento, o sia il basso fondamentale sopra il cembalo' (Saint Petersburg, 1782, I-Nc 18.3.3/18), but the work then diverges from the aforesaid work
=533  \\$aDigitized by iGuana, Spring 2022
=648  \0$a18th Century (1701-1800)$1http://www.wikidata.org/entity/Q7015$920899
=650  \0$aMethod$1http://www.wikidata.org/entity/Q2250960$921402
=650  \0$aBasso continuo$1http://www.wikidata.org/entity/Q724321$921065
=650  \0$aAccompaniment$1http://www.wikidata.org/entity/Q504514$92918
=651  \0$aItaly$1http://www.wikidata.org/entity/Q38$922
=856  \\$uhttps://uv-v4.netlify.app/#?manifest=https://sharedcanvas.be/IIIF/manifests/d8bc72f4-49a2-11ed-84f2-c795a63ca719$3IIIF
=856  \\$uhttps://sharedcanvas.be/IIIF/manifests/d8bc72f4-49a2-11ed-84f2-c795a63ca719$3IIIF manifest
=942  \\$cMS
=952  \\$00$10$2ddc$40$6KTS_1_000000000000000_C3_25_03J62$70$8RAR$9662$aORPH$bORPH$cKTS1_C3$d2020-07-08$eKoopman$oKTS1 C3.25 03J62$p20136071$r2021-01-12 00:00:00$w2021-01-12$yMS
=999  \\$d662

