=LDR  03299aam a2200349   4500
=001  663
=008  210309s1811\\\\be\g|||||||||\00|\0\fre\d
=041  \\$afre
=100  \\$aZimmermann, Pierre Joseph-Guillaume$d1785-1853$4trc$95391
=245  \\$aCours de composition par Louis Cherubini commencé le 3 février 1811
=260  \\$as.l.$c1811
=300  \\$a137 pages
=520  \\$aCourse notes of lessons with Luigi Cherubini (1760-1842), commenced 3 February 1811. Apart from three pages, the manuscript is entirely in Zimmermann's autograph. The work is divided into seven books and more or less follows the published version of Cherubini's 'Cours de contrepoint et fugue' as printed later in 1835, albeit in an abridged version and with numerous differences to the text and musical examples. One of the most significant aspects of the manuscript is the date in Zimmermann's hand: "commencé le 3 février 1811". It is known that in the first two decades of the nineteenth century Cherubini compiled many didactic works at various intervals for the use of students. Until now his 'Cours de contrepoint et fugue' (in collaboration with Halévy) was thought to have been a much later work. The connections between Cherubini, Halévy and Zimmermann are close: Zimmermann became a pupil of Cherubini at the Paris Conservatoire around 1805, taught there himself from 1811 and was appointed professor of counterpoint and fugue in 1821, though he declined the position and taught piano only. In 1811 Halévy became a pupil of Cherubini's and may have well been taught by Zimmermann. The manuscript itself embodies some of Cherubini's earliest theoretical ideas, doubtless copied by Zimmermann from the author's original. On its publication, over twenty years later, the 'Cours de contrepoint et fugue' became one of the most popular and widely used didactic works in nineteenth-century Europe (notes by Lisa Cox, Antiquarian).
=533  \\$aDigitized by iGuana, Spring 2022
=610  \0$aConservatoire de Paris (France)$1http://www.wikidata.org/entity/Q463055$920895
=648  \0$a19th Century (1801-1900)$1http://www.wikidata.org/entity/Q6955$920935
=650  \0$aMethod$1http://www.wikidata.org/entity/Q2250960$921402
=650  \0$aComposing$1http://www.wikidata.org/entity/Q92186587$93076
=651  \0$aParis (France)$1http://www.wikidata.org/entity/Q90$9160
=653  \0$acompositie$3wb$020136083$w03J63$930633
=653  \0$acontrapunt$32-137$020136083$w03J63$930699
=653  \0$aoud-nieuw$3122, 132$020136083$w03J63$935651
=653  \0$aPalestrina$353$020136083$w03J63$935723
=653  \0$afuga$3108-137$020136083$w03J63$931941
=653  \0$aMarpurg$391$020136083$w03J63$934481
=653  \0$aMartini, Padre$3109, 111, 124$020136083$w03J63$934501
=700  \\$aCherubini, Luigi$d1760-1842$eTeacher$1http://www.wikidata.org/entity/Q20721$95392
=856  \\$uhttps://uv-v4.netlify.app/#?manifest=https://sharedcanvas.be/IIIF/manifests/6688e208-5465-11ed-955a-ba17b211a025$3IIIF
=856  \\$uhttps://sharedcanvas.be/IIIF/manifests/6688e208-5465-11ed-955a-ba17b211a025$3IIIF manifest
=942  \\$cMS
=952  \\$00$10$2ddc$40$6KTS_1_000000000000000_C3_25_03J63$70$8RAR$9663$aORPH$bORPH$cKTS1_C3$d2020-07-08$eKoopman$oKTS1 C3.25 03J63$p20136083$r2021-01-12 00:00:00$w2021-01-12$yMS
=999  \\$d663

