=LDR  01757aam a2200253   4500
=001  666
=008  230808s1811\\\\|||ag|||\||||\00|\0\ita\d
=041  \\$aita
=059  \\$ahpd
=100  1\$aPollini, Francesco$d1762-1846$4aut$1http://www.wikidata.org/entity/Q1351579$95394
=245  \\$aMetodo pel clavicembalo
=250  \\$a1st ed.
=260  \\$aMilan$bRicordi$c1811
=300  \\$a84 pages$bmusic examples
=500  \\$aFrancesco Giuseppe Pollini (1762-1846) was an Italian pianist, composer and academic. He moved to Vienna in 1783, and was a student there of Wolfgang Amadeus Mozart. He returned to his birthplace Ljubljana, performing there as a singer and actor. In Italy he appeared as a pianist, violinist and opera singer, appearing in several cities. From 1790 he lived mainly as a piano teacher in Milan, where in 1793 he took lessons from Niccolò Antonio Zingarelli. From 1809 he was a professor of piano at Milan Conservatory. Pollini was highly regarded by his contemporaries; Vincenzo Bellini dedicated the opera La sonnambula to him.
=648  \0$1http://www.wikidata.org/entity/Q6955$a19th Century (1801-1900)$920935
=650  \0$aMethod$1http://www.wikidata.org/entity/Q2250960$921402
=650  \0$aHarpsichord$1http://www.wikidata.org/entity/Q81982$92125
=650  \0$aMusic education$1http://www.wikidata.org/entity/Q27908$921766
=651  \0$1http://www.wikidata.org/entity/Q490$aMilan (Italy)$9271
=856  \\$uhttps://imslp.org/wiki/Metodo_pel_clavicembalo_(Pollini%2C_Francesco)$3International Music Score Library Project
=942  \\$cBOO
=952  \\$00$10$2ddc$40$6KTS_1_000000000000000_C3_25_03J66$70$8RAR$9666$aORPH$bORPH$cKTS1_C3$d2020-07-08$eKoopman$l0$oKTS1 C3.25 03J66$p20145658$r2021-01-12 00:00:00$w2021-01-12$yBOO
=999  \\$d666

