=LDR  03664atm a2200589   4500
=001  667
=008  210309b\\\\\\\\be\g||||\||||\00|\0\ita\d
=041  \\$aita$hfre
=059  \\$acl
=100  \\$aLefèvre, Jean-Xavier$d1763-1829$4aut$1http://www.wikidata.org/entity/Q115971$94769
=245  \\$aMetodo del clarinetto
=260  \\$as.l.$c1802 or later
=300  \\$a114 pages$b1 insert
=500  \\$aManuscript translation of Lefèvre's 1802 method (one of the Conservatoire methods devised in 1796), see 01A17
=500  \\$a1 recto-verso leaflet inserted with notated music, mentioning "Clarinetto alla Müller"; according to Albert Rice (private correspondence with Koopman) it refers to Iwan Müller's 1821 French Méthode for a 13-key clarinet that was initially translated into Italian in 1826.
=500  \\$aFirst 28 pages of the manuscript are in red and black ink, separately paginated. The next 80 pages are on another copyist-hand, paginated anew, and only in black ink.
=533  \\$aDigitized by iGuana, Spring 2022
=534  \\$aOriginally published as 'Méthode de clarinette' (Paris: Imprimerie du Conservatoire de Musique, 'An XI' [1802]), see 01A17$ohttps://gallica.bnf.fr/ark:/12148/bpt6k1166785f/f24.item

=610  \0$aConservatoire de Paris (France)$1http://www.wikidata.org/entity/Q463055$920895
=648  \0$a19th Century (1801-1900)$1http://www.wikidata.org/entity/Q6955$920935
=650  \0$aMethod$1http://www.wikidata.org/entity/Q2250960$921402
=650  \0$aClarinet$1http://www.wikidata.org/entity/Q8343$92937
=653  \0$aadagio$312$020136082$w03J67$928477
=653  \0$aademhalen$311, 12$020136082$w03J67$928491
=653  \0$aafwisseling$311, 12$020136082$w03J67$928514
=653  \0$aallegro$312, 13$020136082$w03J67$928606
=653  \0$aappoggiatura$38$020136082$w03J67$928737
=653  \0$aappoggiatura op de slag$39$020136082$w03J67$928738
=653  \0$aappoggiatura_lengte van$39$020136082$w03J67$928741
=653  \0$aartikulatie$37, 8, 10, 12, 13, ess. 1, 6, 12-22, 38$020136082$w03J67$928817
=653  \0$adiminuties$311, 12, ess. 1$020136082$w03J67$931087
=653  \0$adubbelslag$310, ess. 22$020136082$w03J67$931248
=653  \0$adynamiek$310, 11, 13, ess. 6, 7, 29$020136082$w03J67$931346
=653  \0$aemoties$312$020136082$w03J67$931445
=653  \0$atrillertabel$39-10$020136082$w03J67$937158
=653  \0$ainterpretatie vroeger$310, 11, 12$020136082$w03J67$933102
=653  \0$azang als voorbeeld$310$020136082$w03J67$938078
=653  \0$aklarinet$3wb$020136082$w03J67$933442
=653  \0$azuiverheid$35$020136082$w03J67$938176
=653  \0$aribattuta di gola_19e eeuw$310$020136082$w03J67$938410
=653  \0$arieten$32, 3, 14$020136082$w03J67$938444
=653  \0$amessa di voce$311, 14, 15, ess. 10$020136082$w03J67$934702
=653  \\$aartikulatielettergrepen$37, 8$928824$020136082$w03J67
=653  \\$abovensecunde triller$39, 10, ess. 22, 23, 24, 29, 30, 31, 32, 36$929855$020136082$w03J67
=653  \\$adriedubbele port-de-voix$39$931211$020136082$w03J67
=653  \\$aklankkwaliteit$33$933438$020136082$w03J67
=653  \\$aversnelling van triller$39, 10$937496$020136082$w03J67
=856  \\$uhttps://uv-v4.netlify.app/#?manifest=https://sharedcanvas.be/IIIF/manifests/15a57ba8-497d-11ed-8eb8-ed3526b22abd$3Orpheus Instituut - Shared Canvas viewer
=856  \\$uhttps://sharedcanvas.be/IIIF/manifests/15a57ba8-497d-11ed-8eb8-ed3526b22abd$3IIIF manifest
=942  \\$cMS
=952  \\$00$10$2ddc$40$6KTS_1_000000000000000_C3_25_03J67$70$8RAR$9667$aORPH$bORPH$cKTS1_C3$d2020-07-08$eKoopman$oKTS1 C3.25 03J67$p20136082$r2021-01-12 00:00:00$w2021-01-12$yMS
=999  \\$d667

