=LDR  01533acm a2200301   4500
=001  668
=005  20250923161048.0
=008  230808s1718\\\\|||||l||\||||\00|\0\eng\d
=041  \\$aeng
=059  \\$ahpd/org
=100  1\$aPurcell, Daniel$d1664-1717$4cmp$1http://www.wikidata.org/entity/Q372428$95395
=245  \\$aThe Psalms Set Full for the Organ or Harpsichord
=260  \\$aLondon$bWalsh$c1718
=300  \\$a15-10 pages$coblong
=500  \\$aDaniel Purcell (c. 1664-1717) was an English Baroque composer and the younger brother (or cousin) of Henry Purcell. 
=500  \\$aMetrical psalm tunes
=500  \\$aeach tune is presented in an ornamented version, and plainly harmonized with short interludes between the lines
=500  \\$apencil illustration of a woman playing piano in front matter
=563  \\$abound in brown leather
=590  \\$aas They Are Plaid in Churches and Chappels in the Manner Given Out. As also with their Interludes of Great Variety
=648  \0$1http://www.wikidata.org/entity/Q7015$a18th Century (1701-1800)$920899
=650  \0$aVocal music$1http://www.wikidata.org/entity/Q685884$93319
=650  \0$aPsalm$1http://www.wikidata.org/entity/Q12497663$92164
=651  \0$1http://www.wikidata.org/entity/Q84$aLondon (United Kingdom)$9123
=942  \\$cSCO
=952  \\$00$10$2ddc$40$6KTS_1_000000000000000_C3_25_03J68$70$8RAR$9668$aORPH$bORPH$cKTS1_C3$d2020-07-08$eKoopman$l0$oKTS1 C3.25 03J68$p20145657$r2021-01-12 00:00:00$w2021-01-12$ySCO
=999  \\$d668
=533  \\$aDigitized by iGuana, Spring 2025.

