=LDR  02266aam a2200325   4500
=001  671
=008  220112s1774\\\\\\\g||||\||||\00|\0\ita\d
=041  \\$aita
=100  \\$aMartini, Giovanni Battista$d1706-1784$4aut$1http://www.wikidata.org/entity/Q283651$95397
=245  \\$aEsemplare, o sia Saggio fondamentale pratico di contrappunto sopra il canto fermo$n1-2/2
=250  \\$a1st ed.
=260  \\$aBologna$bDalla Volpe$c1774
=300  \\$a2 vols. (xxxii-260+xxxxviii-328 pages)$bmusic examples, original boards
=500  \\$aIn this work Giovanni Battista Martini (1706-1784) exhibits numerous examples of 16th-, 17th- and 18th-century polyphony to thus transfer obsolete compositional knowledge to modern times
=500  \\$aPart 2: title page and dedication [pages i-iv] are missing
=500  \\$atitle page vol.1 contains manuscript note: "Fratelli Bonivoli vale .... e così l'altro s.do Tomo"
=561  \\$aEx libris John Christie (Plate)
=561  \\$aEx libris John ... (illegible) 1846 (manuscript)
=561  \\$aEx libris S. F. Martin Dall library (stamp)
=590  \\$aDedicato all' Eminentissimo, e Reverendissimo Sig. Cardinale Vincenzo Malvezzi, Arcivescovo di Bologna, Prencipe del S. R. I., e Prodatario di N. S. Felicelmente Regnante
=610  \0$aAccademia Filarmonica di Bologna (Italy)$1http://www.wikidata.org/entity/Q338339$923433
=648  \0$a18th Century (1701-1800)$1http://www.wikidata.org/entity/Q7015$920899
=650  \0$aCounterpoint$1http://www.wikidata.org/entity/Q186393$921487
=650  \0$aCounterpoint$1http://www.wikidata.org/entity/Q186393$921487
=651  \0$aBologna (Italy)$1http://www.wikidata.org/entity/Q1891$921973
=856  \\$uhttps://imslp.org/wiki/Esemplare%2C_o_sia_Saggio_fondamentale_pratico_di_contrappunto_(Martini%2C_Giovanni_Battista)$3International Music Score Library Project
=942  \\$cBOO
=952  \\$00$10$2ddc$3vol. 1$40$6KTS_1_000000000000000_C3_05_03K03A$70$8RAR$9671$aORPH$bORPH$cKTS1_C3$d2020-07-08$eKoopman$l0$oKTS1 C3.05 03K03a$p20140439$r2021-01-12 00:00:00$w2021-01-12$yBOO
=952  \\$00$10$2ddc$3vol. 2$40$6KTS_1_000000000000000_C3_05_03K03B$70$8RAR$922631$aORPH$bORPH$cKTS1_C3$d2020-07-08$eKoopman$l0$oKTS1 C3.05 03K03b$p20140440$r2023-04-06 00:00:00$w2021-01-12$yBOO
=999  \\$d671

