=LDR  01548aam a2200265   4500
=001  672
=008  230406s1765\\\\|||g||||\||||\00|\0\ita\d
=041  \\$aita
=100  \\$aPaolucci, Giuseppe$4aut$95398
=245  \\$aArte pratica di contrappunto dimostrata con esempi di vari autori$nvols. 1-2
=250  \\$a1st ed.
=260  \\$aVenice$bde Castro$c1765
=300  \\$a2 vols. (269-[2]+315-[4] pages)$bmusic examples
=500  \\$aGiuseppe Paoloucci (1726-1776) was an Italian composer, conductor and organist of Baroque music. 
=500  \\$aHis famous treatise on counterpoint Arte pratica del contrappunto was published in 3 volumes and printed in Venice (1765 and 1772).
=563  \\$aSome pages are still uncut
=648  \0$a18th Century (1701-1800)$1http://www.wikidata.org/entity/Q7015$920899
=650  \0$aCounterpoint$1http://www.wikidata.org/entity/Q186393$921487
=650  \0$aCounterpoint$1http://www.wikidata.org/entity/Q186393$921487
=651  \0$aVenice (Italy)$1http://www.wikidata.org/entity/Q641$91
=856  \\$uhttps://imslp.org/wiki/Arte_pratica_di_contrappunto_(Paolucci%2C_Giuseppe)$3International Music Score Library Project
=942  \\$cBOO
=952  \\$00$10$2ddc$40$6KTS_1_000000000000000_C3_05_03K05$70$8RAR$9672$aORPH$bORPH$cKTS1_C3$d2020-07-08$eKoopman$l0$oKTS1 C3.05 03K05$p20140443$r2021-01-12 00:00:00$w2021-01-12$yBOO
=952  \\$00$10$2ddc$40$6KTS_1_000000000000000_C3_05_03K06$70$8RAR$922634$aORPH$bORPH$cKTS1_C3$d2020-07-08$eKoopman$l0$oKTS1 C3.05 03K06$p20140444$r2023-04-06 00:00:00$w2021-01-12$yBOO
=999  \\$d672

