=LDR  74220aam a2212073   4500
=001  673
=008  210516s1776\\\\\\\|||||\||||\00|\0\eng\d
=041  \\$aeng
=100  \\$aHawkins, John$d1719-1789$4aut$1http://www.wikidata.org/entity/Q661076$95399
=245  \\$aA General History of the Science and Practice of Music
=250  \\$a1st ed.
=260  \\$aLondon$bPayne$c1776
=300  \\$a5 vols. (lxxxiv-465+544+535+548+482-[58] pages)$bengraved frontispiece, illustrations, music examples
=500  \\$aA late 19th-century edition of this work is also available in the library
=520  \\$aSir John Hawkins (1719-1789) was an English magistrate, writer, and author of the first history of music in English. Hawkins was apprenticed as a clerk and became a solicitor. In 1759 a legacy enabled him to sell his practice. A Middlesex magistrate from 1761, Hawkins was elected chairman of the quarter sessions in 1765. He was knighted in 1772. Hawkins's General History of the Science and Practice of Music occupied him for sixteen years. It was published in five volumes in 1776, a few weeks before Charles Burney's celebrated General History of Music. Hawkins's book continues to be invaluable as a mine of detailed information, some of it unavailable elsewhere, but it was eclipsed by Burney's.
=561  \\$aEx libris A. von Ahn Carse (plate)
=563  \\$aLeather-bound, with marbled endpapers, marbled edges, embossed in gold
=648  \0$aPast$1http://www.wikidata.org/entity/Q192630$922196
=648  \0$a18th Century (1701-1800)$1http://www.wikidata.org/entity/Q7015$920899
=650  \0$aMusic history$1http://www.wikidata.org/entity/Q846047$921373
=651  \0$aEurope$1http://www.wikidata.org/entity/Q46$991
=653  \0$aa =$388$020134255$w03K07_05$928388
=653  \0$aAbbatini, A.M.$3206$020134255$w03K07_04$928411
=653  \0$aactrice$366 ,336, 524, 525$020134255$w03K07_04$928463
=653  \0$aad lib bezetting$3180, 189, 233, 241, 283, 356, 357, 365, 372$020134255$w03K07_05$928466
=653  \0$aad lib. bezetting$327, 28, 58, 175, 307, 311, 349, 387, 425, 483$020134255$w03K07_04$928471
=653  \0$aAdami da Bologna, A.A.$3pr d xix$020134255$w03K07_01$928480
=653  \0$aAdami da Bolsena, A.$3111-122$020134255$w03K07_05$928481
=653  \0$aAdami, A.$390, 267$020134255$w03K07_04$928482
=653  \0$aAddison$3pr d vi$020134255$w03K07_01$928483
=653  \0$aAgricola$3151, 152$020134255$w03K07_04$928531
=653  \0$aakoestiek$3431-445, 447$020134255$w03K07_04$928552
=653  \0$aAlbinoni$383, 131$020134255$w03K07_05$928564
=653  \0$aAlbinoni, T.$3319, 320$020134255$w03K07_04$928565
=653  \0$aalchemie$3167$020134255$w03K07_04$928573
=653  \0$aalchemie$343, 280$020134255$w03K07_05$928573
=653  \0$aalcohol$3329, 380, 508$020134255$w03K07_04$928577
=653  \0$aalcohol$315, 361$020134255$w03K07_05$928577
=653  \0$aAldrich$3376, 411$020134255$w03K07_04$928581
=653  \0$aAldrich, H.$3pr d xxii$020134255$w03K07_01$928582
=653  \0$aAldrich, H.$39-14$020134255$w03K07_05$928582
=653  \0$aAllegri$3117, 271$020134255$w03K07_05$928603
=653  \0$aAllegri, G.$389, 90, 91, 268$020134255$w03K07_04$928605
=653  \0$aallemande $3387$020134255$w03K07_04$928609
=653  \0$aAnerio, F.$3196$020134255$w03K07_04$928694
=653  \0$aAnerio, F.$3121$020134255$w03K07_05$928694
=653  \0$aArcadelt$3210$020134255$w03K07_04$928751
=653  \0$aArcadelt$3119$020134255$w03K07_05$928751
=653  \0$aAriosti, A.$310, 264, 275, 276, 277, 291, 292, 297$020134255$w03K07_05$928775
=653  \0$aartikulatie$3329, 459, 535$020134255$w03K07_04$928817
=653  \0$aartikulatie$3256, 284, 288, 289, 320, 367, 368, 394-399, 479$020134255$w03K07_05$928817
=653  \0$aArtusi$377$020134255$w03K07_04$928829
=653  \0$aArtusi$332, 34$020134255$w03K07_05$928829
=653  \0$aAstorga, d'$3212$020134255$w03K07_05$928846
=653  \0$aAvison, C.$3161, 277$020134255$w03K07_01$928885
=653  \0$aAvison, C.$3232, 234, 418$020134255$w03K07_05$928885
=653  \0$aBach, C.P.E.$3255, 260$020134255$w03K07_05$928902
=653  \0$aBach, J.B.$3254$020134255$w03K07_05$928915
=653  \0$aBach, J.Chr.$3254$020134255$w03K07_05$928919
=653  \0$aBach, J.Chr. Fr.$3255$020134255$w03K07_05$928921
=653  \0$aBach, J.Christian$3255$020134255$w03K07_05$928923
=653  \0$aBach, J.M.$3254$020134255$w03K07_05$928926
=653  \0$aBevin, E.$340, 409, 414$020134255$w03K07_04$929512
=653  \0$abezetting (voc.)$352, 359, 360, 427, 428, 545$020134255$w03K07_04$929527
=653  \0$abezetting (vocaal)$354, 63, 134, 137, 142, 147, 151, 154, 155, 156, 164, 178, 182, 187, 188, 266, 273, 295, 297, 298, 303, 311, 320$020134255$w03K07_05$929529
=653  \0$aBiber$383$020134255$w03K07_05$929542
=653  \0$abibliotheek$3vw iv, 340$020134255$w03K07_01$929548
=653  \0$abibliotheek$332, 43, 376$020134255$w03K07_04$929548
=653  \0$abibliotheek$310, 31, 71, 77, 79-88, 123, 153, 344, 345, 401, 402$020134255$w03K07_05$929548
=653  \0$aBan, A.$3pr d xviii$020134255$w03K07_01$929060
=653  \0$aBlainville$3pr d xxi$020134255$w03K07_01$929602
=653  \0$aBarre, De la$3214$020134255$w03K07_04$929100
=653  \0$ablokfluit$3pr d xli, 256 afb$020134255$w03K07_01$929645
=653  \0$ablokfluit$3128, 129-133, 202, 249, 478-482$020134255$w03K07_04$929645
=653  \0$ablokfluit$315, 16, 23, 26, 85, 98, 154, 171, 173, 176, 180, 189, 233, 283, 364, 365, 369, 372, 375-$020134255$w03K07_05$929645
=653  \0$aBlow, J.$3pr d lxxvii, lxxviii, lxxx, lxxxi$020134255$w03K07_01$929650
=653  \0$aBlow, J.$345, 66, 91, 352, 354, 361, 372, 381, 413, 425, 428, 446, 486-494, 496, 499, 504, 505$020134255$w03K07_04$929650
=653  \0$aBlow, J.$37, 8, 19, 20, 25, 58, 86, 91, 94, 98, 100, 101, 102, 106, 107, 078, 182, 272, 405$020134255$w03K07_05$929650
=653  \0$abasso continuo _Frankrijk 17e eeuw$339, 46$020134255$w03K07_05$929164
=653  \0$abasso continuo (Engeland algemeen)$3425$020134255$w03K07_04$929166
=653  \0$abasso continuo_Engeland 17e eeuw$3171$020134255$w03K07_05$929188
=653  \0$abasso continuo_Engeland 18e eeuw$3171, 171, 223, 224, 371$020134255$w03K07_05$929189
=653  \0$aboekprijs$3376, 511$020134255$w03K07_04$929701
=653  \0$aboekprijs$325, 109, 283, 292$020134255$w03K07_05$929701
=653  \0$aBoësset$3111$020134255$w03K07_04$929712
=653  \0$aBonanni$3222, 223$020134255$w03K07_04$929747
=653  \0$aBonnet$3200-211$020134255$w03K07_05$929751
=653  \0$aBononcini$3pr d lxxvm lxxx, lxxxiv$020134255$w03K07_01$929756
=653  \0$aBononcini$3203$020134255$w03K07_04$929756
=653  \0$aBononcini$3305, 328, 348, 350, 390$020134255$w03K07_05$929756
=653  \0$aBononcini, A.$3274-277, 317$020134255$w03K07_04$929757
=653  \0$aBononcini, A.$337, 84, 131, 136, 143-145, 146, 150, 151, 161, 182, 188, 210, 211, 225, 248, 264, 273-290, 292, 297, 302$020134255$w03K07_05$929757
=653  \0$aBononcini, G.$337, 84, 131, 136, 143-145, 146, 150, 151, 161, 182, 188, 210, 211, 225, 248, 264, 273-290, 292, 297, 302$020134255$w03K07_05$929759
=653  \0$abeiaard/klokkenspel$3151-154, 211$020134255$w03K07_04$929387
=653  \0$aBontempi$3373$020134255$w03K07_05$929764
=653  \0$aBontempi, G.A.$3pr d xix, 109, 131, 352, 436$020134255$w03K07_01$929766
=653  \0$aBontempi, G.A.$3255-263$020134255$w03K07_04$929766
=653  \0$aBenevoli, O.$3268, 287$020134255$w03K07_04$929425
=653  \0$aBerardi$3446$020134255$w03K07_01$929432
=653  \0$aBerardi$332$020134255$w03K07_05$929432
=653  \0$aBerardi, A.$385, 268, 269$020134255$w03K07_04$929433
=653  \0$aBernier, N.$3379, 380$020134255$w03K07_05$929463
=653  \0$aBoyce, W.$3vw vi$020134255$w03K07_01$929866
=653  \0$aBoyce, W.$363, 365, 406, 407$020134255$w03K07_05$929866
=653  \0$abespelen van meer instrumenten$34, 186, 198, 315, 326, 330, 331, 440$020134255$w03K07_04$929496
=653  \0$abespelen van meer instrumenten$316, 17, 44, 47, 127, 169, 188, 291, 350, 351, 372$020134255$w03K07_05$929496
=653  \0$aBrossard$3222, 2611$020134255$w03K07_05$929959
=653  \0$aBrossard, S.$3pr d, xx, xxii, 87, 126, 438$020134255$w03K07_01$929961
=653  \0$aBrossard, S. de $3307$020134255$w03K07_04$929963
=653  \0$aBull, J.$384, 107, 400, 403$020134255$w03K07_05$930014
=653  \0$aBurney, C.$3pr d xxi, xxii$020134255$w03K07_01$930058
=653  \0$aBuxtehude, D.$3pr d iii$020134255$w03K07_01$930084
=653  \0$aBuxtehude, D.$3183, 233$020134255$w03K07_04$930084
=653  \0$aBuxtehude, D.$3251$020134255$w03K07_05$930084
=653  \0$aByrd, W.$3pr d v, xviii, lxxviii, lxxxi$020134255$w03K07_01$930089
=653  \0$aByrd, W.$311, 12, 39, 40, 352, 360, 386, 418$020134255$w03K07_04$930089
=653  \0$aByrd, W.$384, 95, 107, 272, 34, 404, 405, 439-443$020134255$w03K07_05$930089
=653  \0$aCaccini, G.$3pr d lxx$020134255$w03K07_01$930101
=653  \0$aCaccini, G.$3189, 196, 197$020134255$w03K07_04$930101
=653  \0$aCaldara, A.$332, 36, 82, 248$020134255$w03K07_05$930130
=653  \0$aCalvisius, S.$337$020134255$w03K07_04$930145
=653  \0$aCambert$3238, 239, 385, 386$020134255$w03K07_04$930147
=653  \0$aCampion, T.$324, 66, 405, 410, 473$020134255$w03K07_04$930170
=653  \0$aCampra, A.$343, 44, 211$020134255$w03K07_05$930173
=653  \0$acanon$375, 409$020134255$w03K07_04$930183
=653  \0$aCarissimi$39, 15, 91-93, 96, 175, 206, 346, 488-490, 539$020134255$w03K07_04$930243
=653  \0$aCarissimi$310, 56, 207, 248$020134255$w03K07_05$930243
=653  \0$aCastel, Pere$3391, 392, 393$020134255$w03K07_05$930275
=653  \0$acastraten$3200, 201$020134255$w03K07_04$930282
=653  \0$acastraten$331, 57, 119-121, 132-134, 174, 293, 294$020134255$w03K07_05$930282
=653  \0$aCastrucci, P.$3382, 299, 360, 361, 424$020134255$w03K07_05$930292
=653  \0$aCavalli$3pr d lxxiii$020134255$w03K07_01$930327
=653  \0$aCazzati$385$020134255$w03K07_05$930333
=653  \0$acello$3126, 131, 147, 189, 233, 275, 280$020134255$w03K07_05$930344
=653  \0$acello o cimbalo$3311, 316$020134255$w03K07_04$930349
=653  \0$aCène, M.C. le $3107$020134255$w03K07_05$930362
=653  \0$aCerone, D.P.$369, 70, 71, 72-74$020134255$w03K07_04$930371
=653  \0$aCerone, P.$3116$020134255$w03K07_01$930372
=653  \0$aCesti$3pr d lxxiii, lxxx$020134255$w03K07_01$930377
=653  \0$aCesti, A.$3121, 271$020134255$w03K07_05$930378
=653  \0$aCesti, M.A.$355, 92, 93-95$020134255$w03K07_04$930380
=653  \0$achaconne$3388$020134255$w03K07_04$930385
=653  \0$aChambonnières$3214$020134255$w03K07_04$930390
=653  \0$aCharpentier, M.A.$342, 56$020134255$w03K07_05$930409
=653  \0$aChinese muziek$3pr d xxxv, xxxvi, xxxvii, lxiii$020134255$w03K07_01$930437
=653  \0$aChristina van Zweden$359, 61, 224, 225, 309$020134255$w03K07_04$930460
=653  \0$amuziekautomaten$3218$020134255$w03K07_04$935067
=653  \0$acister$3112, 113. 378$020134255$w03K07_04$930490
=653  \0$acister$317$020134255$w03K07_05$930490
=653  \0$aclavecin oculaire$3391$020134255$w03K07_05$930518
=653  \0$amuziektheater$3321, 322, 333, 334-338$020134255$w03K07_04$935099
=653  \0$aClerambault, L.N.$3382$020134255$w03K07_05$930546
=653  \0$amuziekwetenschap in 17e eeuw$331, 32, 58, 64$020134255$w03K07_04$935109
=653  \0$acolachon$3113$020134255$w03K07_04$930575
=653  \0$aColasse, P.$342, 43, 56, 208$020134255$w03K07_05$930578
=653  \0$aColin de Blamont, Fr.$3383$020134255$w03K07_05$930585
=653  \0$aColonna, F.$392, 99-103, 108, 194, 265, 274, 346$020134255$w03K07_04$930602
=653  \0$aColonna, G.P.$392, 99-103, 108, 194, 265, 274, 346$020134255$w03K07_04$930603
=653  \0$acomponeren$3405, 406, 407, 447$020134255$w03K07_04$930621
=653  \0$acomponiste$391, 96, 197$020134255$w03K07_04$930632
=653  \0$acomponiste$346$020134255$w03K07_05$930632
=653  \0$acompositieloon$3280, 283$020134255$w03K07_05$930641
=653  \0$aNorth, F.$3431, 432, 433-442$020134255$w03K07_04$935277
=653  \0$aNorth, R.$3431, 439, 442$020134255$w03K07_04$935280
=653  \0$aconcerten$345, 323, 324-328, 330, 332, 334, 377, 378, 380$020134255$w03K07_04$930655
=653  \0$aconcerten$31, 2, 3-8, 69, 73, 76, 90, 125, 127, 170, 173, 181, 190, 231, 249, 276, 290, 305, 353, 363$020134255$w03K07_05$930655
=653  \0$aOckeghem, J.$3267$020134255$w03K07_04$935322
=653  \0$acontrabas$3136, 147, 190$020134255$w03K07_05$930692
=653  \0$aopera$366, 67$020134255$w03K07_04$935411
=653  \0$aopera in Engeland$3322, 333$020134255$w03K07_04$935418
=653  \0$aopera_algemeen$3pr d lxx-lxxiii$020134255$w03K07_01$935427
=653  \0$aorgel$39, 145-151, 202, 352-357, 360, 435, 436, 451, 508$020134255$w03K07_04$935465
=653  \0$aCouperin, Fr. $347-50, 381$020134255$w03K07_05$930798
=653  \0$aCouperin, L.$347$020134255$w03K07_05$930800
=653  \0$acourante$3387$020134255$w03K07_04$930805
=653  \0$aCourteville$316, 17, 80, 81, 82, 83$020134255$w03K07_05$930815
=653  \0$aorgel in ME$3256 afb, 400, 401, 402, 403, 408$020134255$w03K07_01$935481
=653  \0$aorgel in middeleeuwen$3151$020134255$w03K07_04$935482
=653  \0$aCroft$322, 23, 68, 82, 94-99, 102, 103, 110, 126, 197, 264, 302, 328$020134255$w03K07_05$930856
=653  \0$aCroft, W.$3427, 491, 501, 505, 521$020134255$w03K07_04$930857
=653  \0$aCuzzoni, F.$3298, 304, 309, 311-313, 354$020134255$w03K07_05$930879
=653  \0$aorgelconcerti$3355, 356$020134255$w03K07_05$935549
=653  \0$aDandrieu, J.F.$383, 379, 381$020134255$w03K07_05$930921
=653  \0$aorgelregistratie$380$020134255$w03K07_04$935575
=653  \0$aorgelregistratie$3180, 343$020134255$w03K07_05$935575
=653  \0$aDelalande$3240$020134255$w03K07_04$930991
=653  \0$aOttoboni$3310, 314, 315$020134255$w03K07_04$935648
=653  \0$aOttoboni$3231, 266$020134255$w03K07_05$935648
=653  \0$aoud-nieuw$3pr d xxxix, xlii, xlv, 2, 125, 193$020134255$w03K07_01$935651
=653  \0$aoud-nieuw$3338$020134255$w03K07_04$935651
=653  \0$aoude muziek vroeger$3pr d lxxvii, lxxviii, lxxx$020134255$w03K07_01$935658
=653  \0$aoude muziek vroeger$339, 55, 90, 202, 463$020134255$w03K07_04$935658
=653  \0$aoude muziek vroeger$339, 43, 126, 198, 346, 347, 348, 349, 350, 351, 359, 402, 405$020134255$w03K07_05$935658
=653  \0$aDestouches, A.$357, 381, 382$020134255$w03K07_05$931037
=653  \0$aPachelbel, J.$3280$020134255$w03K07_04$935699
=653  \0$adieren en muziek$3205, 206$020134255$w03K07_05$931069
=653  \0$aPaisible$37, 26, 80, 81, 82, 90$020134255$w03K07_05$935716
=653  \0$aPalestrina$3pr d v, viii, 335, 363$020134255$w03K07_01$935723
=653  \0$aPalestrina$38, 71, 78, 89, 175, 189, 194, 195, 196, 202, 210, 268$020134255$w03K07_04$935723
=653  \0$aPalestrina$310, 33, 35, 56, 113, 117, 119, 121, 177, 271, 372$020134255$w03K07_05$935723
=653  \0$apandora$317, 28, 111, 112, 173, 274, 475$020134255$w03K07_04$935734
=653  \0$aDiruta, G.$380$020134255$w03K07_04$931097
=653  \0$adoedelzak$3pr d lvi, 403$020134255$w03K07_01$931125
=653  \0$adoedelzak$3140$020134255$w03K07_04$931125
=653  \0$adoedelzak$3206$020134255$w03K07_05$931125
=653  \0$aPasquini$3235, 309, 310$020134255$w03K07_04$935782
=653  \0$aPasquini, B.$353, 57, 131$020134255$w03K07_05$935783
=653  \0$apassacaglia$3388$020134255$w03K07_04$935786
=653  \0$apassepied$3390$020134255$w03K07_04$935789
=653  \0$apavane$3386, 387, 409$020134255$w03K07_04$935811
=653  \0$aDowland$387$020134255$w03K07_05$931187
=653  \0$aDowland, J.$3pr d lxxvii$020134255$w03K07_01$931188
=653  \0$aDowland, J.$315, 25, 339, 386, 387$020134255$w03K07_04$931188
=653  \0$adraailier$3120$020134255$w03K07_04$931190
=653  \0$aDraghi, B.$3381, 393, 395, 425-428$020134255$w03K07_04$931195
=653  \0$aDraghi, B.$3188$020134255$w03K07_05$931195
=653  \0$aPenna, L.$3263$020134255$w03K07_04$935844
=653  \0$aPepusch$3442$020134255$w03K07_04$935846
=653  \0$aPepusch, J.$3vw iv, pr d xx, xxxiv, 86, 87, 107, 111, 163, 277, 354, 360$020134255$w03K07_01$935848
=653  \0$aPepusch, J.C.$334, 40, 76, 81, 82, 83, 84, 85, 86, 123, 147, 154, 156, 194-199, 222, 264, 271, 434-347, 349, 350, 351, 400, 407$020134255$w03K07_05$935849
=653  \0$aPerez$3pr d lxxix$020134255$w03K07_01$935852
=653  \0$aPerez$3203$020134255$w03K07_04$935852
=653  \0$aPergolesi$3pr d lxxix$020134255$w03K07_01$935854
=653  \0$aPergolesi, G.B.$3203$020134255$w03K07_04$935857
=653  \0$aPergolesi, G.B.$3375$020134255$w03K07_05$935857
=653  \0$aPeri, J.$3pr d lxx$020134255$w03K07_01$935860
=653  \0$aPeri, J.$3196$020134255$w03K07_04$935860
=653  \0$adulciaan$373, 135, 137, 138$020134255$w03K07_04$931287
=653  \0$aPez$383$020134255$w03K07_05$935902
=653  \0$aduur van opera$356$020134255$w03K07_05$931336
=653  \0$aPilkington, F.$328$020134255$w03K07_04$935984
=653  \0$aPlayford, H.$3107, 108$020134255$w03K07_05$936022
=653  \0$aPlayford, J.$314, 60, 61, 338, 340, 341, 361, 362, 363, 410, 464, 468-478$020134255$w03K07_04$936024
=653  \0$aPlayford, J.$3107, 108$020134255$w03K07_05$936024
=653  \0$aEccles, J.$366, 381, 382, 525, 540$020134255$w03K07_04$931367
=653  \0$aEccles, J.$360, 63-67, 80, 81, 83$020134255$w03K07_05$931367
=653  \0$aEccles, J.$3472, 479$020134255$w03K07_05$931367
=653  \0$apochette$3114$020134255$w03K07_04$936040
=653  \0$aPorpora, N.$3295, 307, 320, 322, 323$020134255$w03K07_05$936085
=653  \0$aenharmoniek$3pr d xxxix, xlv, lxxiv, 86, 91, 92, 93, 95, 96,97, 98, 103, 109, 110, 119, 122, 129, 205$020134255$w03K07_01$931476
=653  \0$aenharmoniek$3194, 198, 212$020134255$w03K07_04$931476
=653  \0$aenharmoniek$3448$020134255$w03K07_04$931476
=653  \0$aPraetorius, M.$380, 81, 195$020134255$w03K07_04$936131
=653  \0$aEvremont, Saint$390$020134255$w03K07_05$931557
=653  \0$afagot$316, 180, 189, 190, 299$020134255$w03K07_05$931585
=653  \0$aprima vista$3384$020134255$w03K07_04$936203
=653  \0$aprima vista$3205$020134255$w03K07_05$936203
=653  \0$aPrintz, W.C.$3pr d xviii, 257$020134255$w03K07_01$936212
=653  \0$aPrintz, W.C.$3246-249$020134255$w03K07_04$936212
=653  \0$afantasia$3339, 340, 342, 408$020134255$w03K07_04$931604
=653  \0$aFarinelli$375, 316, 381$020134255$w03K07_04$931610
=653  \0$aFarinelli$3161, 162, 187$020134255$w03K07_05$931610
=653  \0$aFarinelli_niet de castraat$344, 319$020134255$w03K07_05$931611
=653  \0$aFarinelli_zanger$3318-328, 415$020134255$w03K07_05$931613
=653  \0$aFarmer, T.$318$020134255$w03K07_05$931616
=653  \0$aFarnaby, G.$327?$020134255$w03K07_04$931617
=653  \0$aPurcell, D.$3511, 539, 540$020134255$w03K07_04$936279
=653  \0$aPurcell, H.$3pr d vi, vii, xvii, lxxv, lxxvii, lxxviii, lxxx$020134255$w03K07_01$936282
=653  \0$aPurcell, H.$36, 7, 45, 63, 66, 91, 254, 349, 354, 358, 359, 360, 395, 397, 410, 446, 473, 477, 487, 491-494, 495-539$020134255$w03K07_04$936282
=653  \0$aPurcell, H.$35, 18, 19, 20, 21, 24, 59, 81, 82, 86, 87, 91, 92, 97, 124, 127, 128, 135, 152, 161, 178, 182, 272, 299, 405$020134255$w03K07_05$936282
=653  \0$aPuteanus, E.$3185$020134255$w03K07_04$936287
=653  \0$aFerrabosco$381$020134255$w03K07_05$931676
=653  \0$aflageolet$3129, 186, 479, 480$020134255$w03K07_04$931739
=653  \0$aflageolet$325$020134255$w03K07_05$931739
=653  \0$aFludd, R.$3166-173$020134255$w03K07_04$931779
=653  \0$afolia$375$020134255$w03K07_04$931797
=653  \0$aSteffani, A.$3287-305, 306$020134255$w03K07_04$936525
=653  \0$aSteffani, A.$3187, 250, 265-267, 268, 348, 417$020134255$w03K07_05$936525
=653  \0$afrans - engels$3320, 321$020134255$w03K07_04$931870
=653  \0$aFrans-Italiaans$350-56, 142, 148, 204, 206-211$020134255$w03K07_05$931874
=653  \0$aFranse invloed in Duitsland$3249$020134255$w03K07_05$931878
=653  \0$aStölzel, G.H.$3267$020134255$w03K07_04$936602
=653  \0$aStradella$3pr d lxxv, lxxx, 335$020134255$w03K07_01$936615
=653  \0$aStradella$3134$020134255$w03K07_05$936615
=653  \0$aStradella, A.$3250-254, 539$020134255$w03K07_04$936616
=653  \0$aFrescobaldi$3pr d lxxxi$020134255$w03K07_01$931902
=653  \0$aFrescobaldi$3107$020134255$w03K07_05$931902
=653  \0$aFrescobaldi, G.$3174-179, 182, 183, 193??, 198$020134255$w03K07_04$931903
=653  \0$astrijkstok_frans - italiaans$353$020134255$w03K07_05$936636
=653  \0$aFroberger, J.J.$3pr d iii$020134255$w03K07_01$931933
=653  \0$aFroberger, J.J.$3182, 183, 235$020134255$w03K07_04$931933
=653  \0$aFux, J.J.$332-36$020134255$w03K07_05$931956
=653  \0$aGabrieli, A.$380$020134255$w03K07_04$931960
=653  \0$aGabrielli$381$020134255$w03K07_05$931964
=653  \0$agagliarde$3386, 387$020134255$w03K07_04$931974
=653  \0$ataal en muziek$3pr d vi, vii, xviii$020134255$w03K07_01$936717
=653  \0$aGalilei, V.$3210$020134255$w03K07_04$931982
=653  \0$agalliard$386$020134255$w03K07_01$931984
=653  \0$aGalliard, J.F.$353, 123, 133, 134, 136, 142, 169, 174, 178, 179, 183, 187-183, 294, 299$020134255$w03K07_05$931987
=653  \0$agamba$314, 17, 23-29, 32, 34, 45, 47, 57, 61, 62, 67, 74, 112, 116, 187, 197, 202, 235, 274, 325, 326, 327, 338-342, 393, 398-405, 408, 423, 425, 440, 444, 445, 447, 462, 465, 469, 471, 480, 505, 526$020134255$w03K07_04$931995
=653  \0$agamba$33, 45, 46, 47, 73, 76, 82, 83, 88, 109, 119, 125, 130, 181, 233$020134255$w03K07_05$931995
=653  \0$aTartini, G.$3pr d xlii, lxxx$020134255$w03K07_01$936753
=653  \0$aTartini, G.$3375-379$020134255$w03K07_05$936753
=653  \0$aGasparini, F.$3319, 320, 321, 445$020134255$w03K07_04$932015
=653  \0$aGasparini, F.$3286$020134255$w03K07_04$932015
=653  \0$aGasparini, M.A.$3286$020134255$w03K07_04$932016
=653  \0$aGasperini, Fr. $354, 87, 145, 151, 225$020134255$w03K07_05$932018
=653  \0$agavotte$3389$020134255$w03K07_04$932051
=653  \0$aGay, J.$3315-317$020134255$w03K07_05$932052
=653  \0$aGeigenwerk$3218$020134255$w03K07_04$932083
=653  \0$aTelemann, G.P.$3226, 259-260$020134255$w03K07_05$936796
=653  \0$atemperatuur$3109, 110, 269, 324, 325, 328$020134255$w03K07_01$936807
=653  \0$atemperatuur$373, 75, 99-103, 161, 187, 190, 193, 194, 249, 258, 259$020134255$w03K07_04$936807
=653  \0$atemperatuur$3219$020134255$w03K07_05$936807
=653  \0$agesticuleren$3197$020134255$w03K07_04$932158
=653  \0$aGesualdo$35, 6, 71, 195, 196, 206$020134255$w03K07_04$932163
=653  \0$aGesualdo$311, 351$020134255$w03K07_05$932163
=653  \0$aGibbons, Chr.$318, 31, 33, 34-36, 39, 40, 44, 45, 64, 348, 352, 357, 360, 372, 376, 412, 413, 418, 473, 486, 510$020134255$w03K07_04$932182
=653  \0$aGibbons, O.$3pr d v, viii$020134255$w03K07_01$932183
=653  \0$aGibbons, O.$318, 31, 33, 34-36, 39, 40, 44, 45, 64, 348, 352, 357, 360, 372, 376, 412, 413, 418, 473, 486, 510$020134255$w03K07_04$932183
=653  \0$aGibbons, O.$380, 81, 82, 84, 86, 87, 272$020134255$w03K07_05$932183
=653  \0$agigue$3388, 389, 390$020134255$w03K07_04$932187
=653  \0$aGilles, J.$344$020134255$w03K07_05$932194
=653  \0$agitaar$367, 74, 75, 109, 112, 345, 360$020134255$w03K07_04$932207
=653  \0$agitaar$387, 203$020134255$w03K07_05$932207
=653  \0$aGlareanus$3pr d lxi$020134255$w03K07_01$932215
=653  \0$aglasharmonica$3214$020134255$w03K07_04$932219
=653  \0$atoccata$3175$020134255$w03K07_04$936961
=653  \0$atombeau$340$020134255$w03K07_05$937003
=653  \0$aTomkins, T. $341, 352, 369, 375, 416$020134255$w03K07_04$937007
=653  \0$aTorelli, G.$3311, 393$020134255$w03K07_04$937034
=653  \0$aTorelli, G.$327, 82$020134255$w03K07_05$937034
=653  \0$aTorri, P.$330, 31$020134255$w03K07_05$937038
=653  \0$aTosi, P.F.$3253, 254$020134255$w03K07_04$937040
=653  \0$aTosi, P.F.$35, 133, 173, 174, 305, 348$020134255$w03K07_05$937040
=653  \0$aGrassineau$3pr d xx, 86, 87, 188$020134255$w03K07_01$932335
=653  \0$aGraun$3203$020134255$w03K07_04$932339
=653  \0$atranspositie$340$020134255$w03K07_05$937075
=653  \0$aGreene$386$020134255$w03K07_01$932365
=653  \0$aGreene, M.$3102, 106, 107, 270, 305, 328-343, 363, 364, 369, 404, 405, 406, 407$020134255$w03K07_05$932366
=653  \0$atravestie$3336$020134255$w03K07_04$937087
=653  \0$atremulant$3150$020134255$w03K07_04$937097
=653  \0$aGriekse muziektheorie$3410, 411, 423$020134255$w03K07_04$932399
=653  \0$atrillers etc$3203, 320, 347$020134255$w03K07_05$937145
=653  \0$atrillers etc.$3469, 470$020134255$w03K07_04$937146
=653  \0$aGuido van Arezzo$3438-465$020134255$w03K07_01$932474
=653  \0$aGuidonische hand$3438, 445$020134255$w03K07_01$932476
=653  \0$atrillo$3470-471$020134255$w03K07_04$937161
=653  \0$atromba marina$3120, 121$020134255$w03K07_04$937183
=653  \0$atromba marina$32$020134255$w03K07_05$937183
=653  \0$atrombone$3144, 436$020134255$w03K07_04$937186
=653  \0$atrombone$3345$020134255$w03K07_04$937186
=653  \0$atrombone$316$020134255$w03K07_05$937186
=653  \0$aHändel, G.F._portret$3412, 413$020134255$w03K07_05$932546
=653  \0$aharmonie der sferen$3200-202, 241$020134255$w03K07_01$932575
=653  \0$aharmonie der sferen$3168-173, 209$020134255$w03K07_04$932575
=653  \0$aharmonie der sferen_illustratie$3171$020134255$w03K07_04$932576
=653  \0$aharp$314, 28, 67, 73, 74, 123, 124, 198, 345$020134255$w03K07_04$932582
=653  \0$aharp$3121, 356, 357, 377$020134255$w03K07_05$932582
=653  \0$aHasse$3320, 322, 323, 324$020134255$w03K07_05$932603
=653  \0$aHawkins, J.$3vw$020134255$w03K07_01$932636
=653  \0$aVeracini$384$020134255$w03K07_05$937389
=653  \0$aHaym, N.$3319$020134255$w03K07_04$932649
=653  \0$aHaym, N.$3137, 147, 151, 163-169, 275$020134255$w03K07_05$932649
=653  \0$aHaym, N.F.$3pr d xxiii$020134255$w03K07_01$932650
=653  \0$averzamelen$3314, 378, 379$020134255$w03K07_04$937514
=653  \0$averzamelen$371, 77, 79-88, 93, 142, 153, 169, 171, 190, 240, 344, 345, 351, 402, 412$020134255$w03K07_05$937514
=653  \0$aViadana, L.$376, 77, 189$020134255$w03K07_04$937529
=653  \0$aVicentino$3pr d xvi -$020134255$w03K07_01$937534
=653  \0$aVicentino$3187, 193$020134255$w03K07_04$937534
=653  \0$aVictoria$310, 121$020134255$w03K07_05$937537
=653  \0$avingerzetting$380$020134255$w03K07_04$937568
=653  \0$aviola d'amore$3291, 292$020134255$w03K07_05$937580
=653  \0$ahoorn$3143, 144$020134255$w03K07_04$932928
=653  \0$ahornpipe$3390, 391$020134255$w03K07_04$932943
=653  \0$aHotteterre$3482$020134255$w03K07_04$932948
=653  \0$aVitali, F.$380, 81, 82, 83, 121$020134255$w03K07_05$937644
=653  \0$aVivaldi, A_Vier seizoenen$3213-214$020134255$w03K07_05$937659
=653  \0$aVivaldi, A.$3pr d iii$020134255$w03K07_01$937660
=653  \0$aVivaldi, A.$375$020134255$w03K07_04$937660
=653  \0$aVivaldi, A.$383, 213-215, 248$020134255$w03K07_05$937660
=653  \0$aVivaldi, A._portret$3213$020134255$w03K07_05$937664
=653  \0$aimprovisatie$3407$020134255$w03K07_01$933059
=653  \0$aimprovisatie$374, 401, 402, 403$020134255$w03K07_04$933059
=653  \0$aimprovisatie$3255, 347, 357, 374$020134255$w03K07_05$933059
=653  \0$avolume van Engels klavecimbel$3427$020134255$w03K07_04$937726
=653  \0$avoluntary$3175, 351$020134255$w03K07_04$937728
=653  \0$aitaliaans-engels$3pr d vii, viii, xvii$020134255$w03K07_01$933133
=653  \0$aVossius, G.J.$3184, 185, 269, 270$020134255$w03K07_04$937784
=653  \0$aVossius, I.$3pr d xxxv, xxxvi, xxxix, 10, 32, 193$020134255$w03K07_01$937785
=653  \0$aVossius, I.$3269, 273-274$020134255$w03K07_04$937785
=653  \0$aVossius, I.$3403$020134255$w03K07_05$937785
=653  \0$aItaliaanse invloed in Engeland$344, 48, 49, 55, 62, 63, 65, 235, 415, 469, 470, 497, 523,, 539$020134255$w03K07_04$933143
=653  \0$aItaliaanse invloed in Engeland$391, 123, 131-199, 275$020134255$w03K07_05$933143
=653  \0$aitaliaanse invloed in Frankrijk$3278$020134255$w03K07_04$933146
=653  \0$aJacquet de la Guerre, E.$346$020134255$w03K07_05$933173
=653  \0$aJenkins$380, 81, 84, 87$020134255$w03K07_05$933207
=653  \0$aJenkins, J.$357, 61-62, 327, 339, 376, 393, 405, 408, 441, 463, 475$020134255$w03K07_04$933208
=653  \0$aJennens$3252$020134255$w03K07_05$933209
=653  \0$aJeune, Cl. le$3pr d xxx$020134255$w03K07_01$933213
=653  \0$aWalther, J.G.$3pr d xx$020134255$w03K07_01$937860
=653  \0$aWalther, J.G.$3260, 261$020134255$w03K07_05$937860
=653  \0$awaterorgel$3pr d xlv, 191-199, 399, 402, 418$020134255$w03K07_01$937876
=653  \0$awaterorgel$3202, 220, 272$020134255$w03K07_04$937876
=653  \0$awaterorgel$3428$020134255$w03K07_05$937876
=653  \0$ajongenssopraan$3pr d xviii$020134255$w03K07_01$933241
=653  \0$ajongenssopraan$311, 12, 349, 366, 426$020134255$w03K07_04$933241
=653  \0$ajongenssopraan$314, 151, 197, 251, 347, 350, 355$020134255$w03K07_05$933241
=653  \0$aWerckmeister, A.$3303, 306$020134255$w03K07_04$937929
=653  \0$aKapsberger, J.H.$3183, 184, 194, 206, 212$020134255$w03K07_04$933311
=653  \0$aWilbye, J.$385$020134255$w03K07_05$937968
=653  \0$aWillaert, A.$3196$020134255$w03K07_04$937973
=653  \0$aKepler, J.$3155-166, 167$020134255$w03K07_04$933359
=653  \0$aKerll, J.C.$396-98, 280$020134255$w03K07_04$933381
=653  \0$aKerll, J.K.$3pr d lxxxi$020134255$w03K07_01$933382
=653  \0$aKircher, A.$3pr d xxx, 8, 10, 99, 117, 125, 134, 193, 253, 257, 258, 277, 299, 347, 429$020134255$w03K07_01$933414
=653  \0$aKircher, A.$3183, 204-224, 226, 227, 228, 264, 444$020134255$w03K07_04$933414
=653  \0$aKircher, A.$331, 403$020134255$w03K07_05$933414
=653  \0$aZarlino$3pr d xlii, ixi, 106, 109, 335, 402, 401$020134255$w03K07_01$938113
=653  \0$aZarlino$3187, 185, 186$020134255$w03K07_04$938113
=653  \0$aZarlino$332, 34, 35$020134255$w03K07_05$938113
=653  \0$aklavecimbel (Duitsland 17e eeuw)$3183$020134255$w03K07_04$933452
=653  \0$aklavecimbel (Engeland 17e eeuw)$332, 326, 331, 374, 394, 427, 436, 451$020134255$w03K07_04$933454
=653  \0$aklavecimbel (Frankrijk 17e eeuw)$3122, 123$020134255$w03K07_04$933456
=653  \0$aklavecimbel (Italie 17e eeuw)$3220$020134255$w03K07_04$933457
=653  \0$aZiani$332, 36, 37$020134255$w03K07_05$938136
=653  \0$azink$363, 67, 73, 141, 202, 345, 349$020134255$w03K07_04$938157
=653  \0$azink$316, 131$020134255$w03K07_05$938157
=653  \0$aZipoli, D.$3175$020134255$w03K07_04$938160
=653  \0$aklavecimbel_Duitsland 18e eeuw$3254$020134255$w03K07_05$933479
=653  \0$aklavecimbel_Engeland 16e eeuw$3201$020134255$w03K07_05$933481
=653  \0$aklavecimbel_Engeland 17e eeuw$322, 25, 84, 88, 93, 107$020134255$w03K07_05$933482
=653  \0$aklavecimbel_Engeland 18e eeuw$316, 88, 182, 412$020134255$w03K07_05$933483
=653  \0$azwelkast op orgel$3150$020134255$w03K07_04$938192
=653  \0$aRaguenet, Abbé$350-58, 136, 142, 185, 210$020134255$w03K07_05$938216
=653  \0$aRameau, J.P.$3pr d xlii$020134255$w03K07_01$938224
=653  \0$aRameau, J.P.$3302, 379, 384-387$020134255$w03K07_05$938224
=653  \0$aklavecimbel_Vlaams 17e eeuw$388$020134255$w03K07_05$933516
=653  \0$aRavenscroft$316, 17 ,18, 311, 363$020134255$w03K07_04$938262
=653  \0$aRavenscroft, T.$3pr d lxv$020134255$w03K07_01$938264
=653  \0$aklavichord (Spaans 17e eeuw)$373$020134255$w03K07_04$933556
=653  \0$aregaal$3173$020134255$w03K07_04$938302
=653  \0$akoor/orkestbezetting$311, 14, 26, 65, 115, 211, 313, 315, 325, 326, 327, 358, 385$020134255$w03K07_04$933678
=653  \0$akoor/orkestbezetting$3115$020134255$w03K07_05$933678
=653  \0$akoor/orkestopstelling$3115, 277, 359$020134255$w03K07_04$933679
=653  \0$aRoger, E.$3107$020134255$w03K07_05$938502
=653  \0$aKrieger, J.P.$3235$020134255$w03K07_04$933762
=653  \0$aKuhnau, J.$3pr d iii$020134255$w03K07_01$933783
=653  \0$aKuhnau, J.$3183, 281, 282$020134255$w03K07_04$933783
=653  \0$aRore, C. de$3196, 199 $020134255$w03K07_04$938549
=653  \0$aRoseingrave$315, 25, 176-77, 184, 264, 698, 303, 365$020134255$w03K07_05$938555
=653  \0$aRosenmüller$384$020134255$w03K07_05$938558
=653  \0$aRosenmüller, J.$3233$020134255$w03K07_04$938559
=653  \0$aRossi, L.$3pr d lxxiii$020134255$w03K07_01$938569
=653  \0$aRossi, L.$356$020134255$w03K07_05$938569
=653  \0$aLalande, M.R. de$343, 44, 45, 209$020134255$w03K07_05$933861
=653  \0$aLambert, M.$339, 202, 203, 211$020134255$w03K07_05$933865
=653  \0$alamento$385, 492, 546$020134255$w03K07_04$933868
=653  \0$aLampe, J.F.$3371$020134255$w03K07_05$933873
=653  \0$aLandi, St. $3120$020134255$w03K07_05$933883
=653  \0$aRoyer, J.N.P.$3382, 383$020134255$w03K07_05$938610
=653  \0$arozenkruisers$371$020134255$w03K07_05$938613
=653  \0$aLasso, O. di $3196, 210$020134255$w03K07_04$933916
=653  \0$aLasso, O. di $3351$020134255$w03K07_05$933916
=653  \0$aLawes, H.$3x$020134255$w03K07_01$933947
=653  \0$aLawes, H.$323, 80, 82, 85, 86, 87, 179$020134255$w03K07_05$933947
=653  \0$aLawes, W.$312, 47-56, 58, 59, 62, 66, 323, 352, 358, 369, 370, 376, 417, 463, 475, 505, 539$020134255$w03K07_04$933949
=653  \0$aLeclair, J.M.$3pr d lxxx$020134255$w03K07_01$933972
=653  \0$aLeclair, J.M.$3379, 383, 384$020134255$w03K07_05$933972
=653  \0$aLegrenzi, G.$3286$020134255$w03K07_04$933990
=653  \0$aSalmon, T.$3419-424, 444, 445$020134255$w03K07_04$938716
=653  \0$aSalmon, T.$3219$020134255$w03K07_05$938716
=653  \0$asarabande$3388, 462$020134255$w03K07_04$938753
=653  \0$aSarri, D.$3131, 285$020134255$w03K07_05$938757
=653  \0$alesgeld$3324$020134255$w03K07_04$934067
=653  \0$aScarlatti, A.$3pr d lxxv$020134255$w03K07_01$938789
=653  \0$aScarlatti, A.$3318-319$020134255$w03K07_04$938789
=653  \0$aScarlatti, A.$3131, 146, 151, 176, 177, 196, 238, 266, 303, 323$020134255$w03K07_05$938789
=653  \0$aLocke, M.$336, 66, 336, 352, 372, 381, 385, 394, 405, 408, 417-425, 474, 475, 487, 505$020134255$w03K07_04$934172
=653  \0$aLocke, M.$380, 81, 82, 83, 87, 135, 171, 405$020134255$w03K07_05$934172
=653  \0$aLoeillet, J.$3125, 147, 173$020134255$w03K07_05$934182
=653  \0$aLotti, A.$3304$020134255$w03K07_04$934227
=653  \0$aLotti, A.$336, 37, 314, 248, 349$020134255$w03K07_05$934227
=653  \0$aLoulié, E.$3163, 164, 435$020134255$w03K07_01$934235
=653  \0$aLoulié, E.$340, 220, 346$020134255$w03K07_05$934235
=653  \0$aloure$3390$020134255$w03K07_04$934236
=653  \0$aSchmeltzer$3233$020134255$w03K07_04$938886
=653  \0$aluit$31, 2, 4, 5, 15, 18, 23, 26, 27, 28, 29, 57, 67, 73, 74, 110, 161, 173, 183, 186, 202, 282, 314, 325, 326, 377, 93, 394, 429, 445, 450, 456-462, 467$020134255$w03K07_04$934262
=653  \0$aluit$316, 25, 26, 37, 39, 60, 109, 131, 401$020134255$w03K07_05$934262
=653  \0$aSchütz, H.$381-83, 233$020134255$w03K07_04$939007
=653  \0$aLully, J.B.$339, 42, 43, 44, 45, 51, 52, 56, 57, 87, 173, 202, 203, 206, 207, 209, 249, 291, 379, 384, 390$020134255$w03K07_05$934276
=653  \0$aSenfl, L.$3pr d lxi$020134255$w03K07_01$939057
=653  \0$aserpent$3142$020134255$w03K07_04$939067
=653  \0$asiciliano$3390$020134255$w03K07_04$939098
=653  \0$aMainwaring$37, 295, 296, 415$020134255$w03K07_05$934372
=653  \0$aSimpson, C.$324, 62, 381, 387, 398-410, 463$020134255$w03K07_04$939132
=653  \0$aSimpson, C.$380, 81, 84, 85$020134255$w03K07_05$939132
=653  \0$amandora$3112$020134255$w03K07_04$934420
=653  \0$aSmith, Father$3151, 352-356, 510$020134255$w03K07_04$939168
=653  \0$aSmith, Father$392, 270, 271$020134255$w03K07_05$939168
=653  \0$aMarcello, B.$3225-237, 418$020134255$w03K07_05$934447
=653  \0$aMarchand, L.$346, 47, 255, 384, 385$020134255$w03K07_05$934455
=653  \0$amise-en-scène$365, 66, 337, 385, 395, 396, 397, 427$020134255$w03K07_04$939272
=653  \0$amise-en-scène$353-57, 147, 148, 320$020134255$w03K07_05$939272
=653  \0$aMarpurg, F.W.$3pr d xx$020134255$w03K07_01$934483
=653  \0$aMartini, Padre$3pr d xxi, 259, 277, 459-463$020134255$w03K07_01$934501
=653  \0$amasque$313$020134255$w03K07_04$934513
=653  \0$aMatteis, N.$36, 7, 80, 82$020134255$w03K07_05$934533
=653  \0$aMattheson$3pr d xx$020134255$w03K07_01$934534
=653  \0$aMattheson, J.J.$3109, 225, 231, 250, 251-253, 265$020134255$w03K07_05$934541
=653  \0$aMazzochi, V.$3257$020134255$w03K07_04$934569
=653  \0$aMelani$381, 87$020134255$w03K07_05$934626
=653  \0$aMenestrier, C.F.$3277-279$020134255$w03K07_04$934655
=653  \0$amenuet$3389, 390$020134255$w03K07_04$934673
=653  \0$aMersenne$3pr dlxii, 8, 34, 96, 107, 253, 402, 403, 435$020134255$w03K07_01$934691
=653  \0$aMersenne$339, 365, 403$020134255$w03K07_05$934691
=653  \0$aMersenne, M. $3104-154, 167, 190, 193, 195, 207, 211, 214, 227, 228, 444$020134255$w03K07_04$934693
=653  \0$aMerula, T.$384, 85$020134255$w03K07_04$934699
=653  \0$aMerula, T.$381, 83$020134255$w03K07_05$934699
=653  \0$aMerulo, C.$380$020134255$w03K07_04$934700
=653  \0$aMilton$39, 54, 78, 185, 197, 479$020134255$w03K07_04$934765
=653  \0$amonochord$3235, 256, 331-222, 224, 421, 450, 451$020134255$w03K07_01$934823
=653  \0$amonochord$340, 44, 420$020134255$w03K07_05$934823
=653  \0$aMonte, Ph. de$3196$020134255$w03K07_04$934842
=653  \0$aMontéclair, M.$3380$020134255$w03K07_05$934848
=653  \0$aMonteverdi, C.$377, 78, 175, 196, 198, 345, 462$020134255$w03K07_04$934854
=653  \0$aMorales, C.$372, 196, 202, 210$020134255$w03K07_04$934865
=653  \0$aMorales, C.$3117, 119, 121$020134255$w03K07_05$934865
=653  \0$aMorley$385$020134255$w03K07_05$934891
=653  \0$aMorley, T.$3128, 129, 296, 334, 337, 354$020134255$w03K07_01$934892
=653  \0$aMorley, T.$316, 17, 29, 38, 40, 352, 403, 469, 471, 474$020134255$w03K07_04$934892
=653  \0$aMouret, J.J.$3380, 381$020134255$w03K07_05$934918
=653  \0$aMundy, J.$327, 28, 414$020134255$w03K07_04$934954
=653  \0$aMundy, J.$395$020134255$w03K07_05$934954
=653  \\$aAbell, J.$3445, 446$928425$020134255$w03K07_04
=653  \\$aadiastematische notatie$3462$928495$020134255$w03K07_01
=653  \\$aAgostino, P.$378, 89, 92, 264, 268$928528$020134255$w03K07_04
=653  \\$aAllouette$343, 45, 208$928611$020134255$w03K07_05
=653  \\$aAllwoode$3467$928613$020134255$w03K07_05
=653  \\$aBabell, W.$3131$928894$020134255$w03K07_04
=653  \\$aBabell, W.$383, 180$928894$020134255$w03K07_05
=653  \\$aBach, J.S.$3282$928929$020134255$w03K07_04
=653  \\$aBach, J.S.$3254-258$928929$020134255$w03K07_05
=653  \\$aBach, W.F.$3255$928997$020134255$w03K07_05
=653  \\$aBacon$3444, 479$929004$020134255$w03K07_04
=653  \\$aBaldwyn, J.$313$929041$020134255$w03K07_04
=653  \\$aBaltzar, T.$315, 82, 390$929054$020134255$w03K07_05
=653  \\$aBaltzar, Th. $3327-329, 376, 381, 384$929055$020134255$w03K07_04
=653  \\$aBannister$3381, 384, 395, 416, 480, 482$929067$020134255$w03K07_04
=653  \\$aBannister, J.$32, 3, 6, 76, 80, 124, 127, 135, 147, 175-176, 473$929068$020134255$w03K07_05
=653  \\$abarbiton = gamba$3274$929077$020134255$w03K07_04
=653  \\$aBarnard, J.$339-41$929089$020134255$w03K07_04
=653  \\$aBaroni, A.$3196, 197$929097$020134255$w03K07_04
=653  \\$aBaroni, A.$3293$929097$020134255$w03K07_05
=653  \\$aBaroni, L.$3196, 197$929098$020134255$w03K07_04
=653  \\$aBaroni, L.$3293$929098$020134255$w03K07_05
=653  \\$aBarsanti, F.$37$929105$020134255$w03K07_04
=653  \\$aBarsanti, F.$3371-372$929105$020134255$w03K07_05
=653  \\$aBartlett, J.$323$929118$020134255$w03K07_04
=653  \\$aBartolinus, C.$3pr d xlvi, 244$929121$020134255$w03K07_01
=653  \\$abaryton$33$929127$020134255$w03K07_05
=653  \\$aBassani$356, 80, 81, 82, 83, 86$929145$020134255$w03K07_01
=653  \\$aBassani, G.B.$392, 286, 287, 346, 393$929147$020134255$w03K07_04
=653  \\$aBassano, H.$3369$929150$020134255$w03K07_04
=653  \\$abasso continuo ca. 1600$344, 76, 77, 326$929170$020134255$w03K07_04
=653  \\$aBaston$3482$929209$020134255$w03K07_04
=653  \\$abataglia$3386$929212$020134255$w03K07_04
=653  \\$aBecker$384, 85$929321$020134255$w03K07_05
=653  \\$aBernabei, E.$3287$929451$020134255$w03K07_04
=653  \\$aBirchensha, K.$3422, 447-449$929583$020134255$w03K07_04
=653  \\$aBitti, M.$3131$929593$020134255$w03K07_05
=653  \\$abizzaria$3171$929595$020134255$w03K07_05
=653  \\$aBleyer$383$929630$020134255$w03K07_05
=653  \\$aBlitherman, W.$3464-466$929640$020134255$w03K07_05
=653  \\$aBononcini, G.M.$3274-277, 317$929760$020134255$w03K07_04
=653  \\$aBordoni, Faustina$3298, 300, 307, 309, 310-313, 324, 355$921646$020134255$w03K07_05
=653  \\$aBottrigaro$3187, 195$929828$020134255$w03K07_04
=653  \\$aBoudelot / Bonnet$3pr d xix, 435$929830$020134255$w03K07_01
=653  \\$aBourdelot$3200$929836$020134255$w03K07_05
=653  \\$abourrée$3390$929844$020134255$w03K07_04
=653  \\$aBowman$37$929860$020134255$w03K07_05
=653  \\$aBressan$3483$929933$020134255$w03K07_04
=653  \\$aBrewer, Th.$324, 376, 475$929938$020134255$w03K07_04
=653  \\$aBritton, T.$3378$929944$020134255$w03K07_04
=653  \\$aBritton, Th.$31, 70-88$929945$020134255$w03K07_05
=653  \\$aBryne, A.$3413$930000$020134255$w03K07_04
=653  \\$abuikspreker$378$930008$020134255$w03K07_05
=653  \\$aBull, John$312, 14, 15, 40, 352$97375$020134255$w03K07_04
=653  \\$aBünde$3423, 445$930018$020134255$w03K07_04
=653  \\$aBusby$3pr d xxiii$930065$020134255$w03K07_01
=653  \\$aButler$385$930074$020134255$w03K07_05
=653  \\$aButler, C.$338, 39, 469, 471$930075$020134255$w03K07_04
=653  \\$aByfield$3355, 357$930087$020134255$w03K07_04
=653  \\$aByfield$3130$930087$020134255$w03K07_05
=653  \\$acanarie$3391$930176$020134255$w03K07_04
=653  \\$aCarbonelli, S.$3360-362$930234$020134255$w03K07_05
=653  \\$aCarey, H.$3184-187$930239$020134255$w03K07_05
=653  \\$aCarixinus$3pr d lxxx$930246$020134255$w03K07_01
=653  \\$aCase, J.$3pr d lxv$930266$020134255$w03K07_01
=653  \\$aCebell$3392, 393, 427$930337$020134255$w03K07_04
=653  \\$aCeretto, S.$3345$930368$020134255$w03K07_04
=653  \\$aCerf de la Vievillé, J.L. le$356-58, 204, 210, 387$930369$020134255$w03K07_05
=653  \\$achalumeau$3249$930388$020134255$w03K07_04
=653  \\$aChausser [Chaucer?]$3pr d lv, lvi, 303$930418$020134255$w03K07_01
=653  \\$aChild, W.$314, 60, 62, 348, 350, 357, 377, 414, 415, 416, 475$930435$020134255$w03K07_04
=653  \\$aChild, W.$386, 101$930435$020134255$w03K07_05
=653  \\$aCifra, A.$378, 89, 210, 268$930474$020134255$w03K07_04
=653  \\$aClark, J.$3487, 491, 505, 510, 540$930503$020134255$w03K07_04
=653  \\$aClark, J.$358, 59, 85, 94, 102, 151, 406$930503$020134255$w03K07_05
=653  \\$aclavecytherium$3249$930522$020134255$w03K07_01
=653  \\$aclavecytherium$3123$930522$020134255$w03K07_04
=653  \\$aClayton, Th.$3135-141, 147, 163, 164, 170, 275$930539$020134255$w03K07_05
=653  \\$aClifford, J.$3350, 351$930552$020134255$w03K07_04
=653  \\$aColeman, C.$363, 323, 358, 371, 372, 408, 475$930581$020134255$w03K07_04
=653  \\$aColman, Ch.$316, 80$930598$020134255$w03K07_05
=653  \\$aColman, E.$316, 80$930599$020134255$w03K07_05
=653  \\$acompositieduur$3146, 268, 412$930634$020134255$w03K07_05
=653  \\$aComteville, R.$3358, 381, 427$930647$020134255$w03K07_04
=653  \\$aConti, Fr. $337, 38, 131, 146, 225$930683$020134255$w03K07_05
=653  \\$acontra muziek / contra theater$3321, 322$930689$020134255$w03K07_04
=653  \\$aCook, Captain$3357-359, 361, 371, 372, 475, 486, 496$930709$020134255$w03K07_04
=653  \\$aCoprario$314, 47, 55, 66, 339, 340, 376, 408, 463, 475$930729$020134255$w03K07_04
=653  \\$aCoprario$382$930729$020134255$w03K07_05
=653  \\$aCorbet, W.$383, 127, 147, 171, 172, 299, 361$930732$020134255$w03K07_05
=653  \\$aCorelli, A.$3pr d ix, lxxx, lxxxiv, 335$930736$020134255$w03K07_01
=653  \\$aCorelli, A.$375?,  92, 111, 129, 286, 308-318, 388, 389, 458, 526, 527, 546$930736$020134255$w03K07_01
=653  \\$aCorelli, A.$356, 57, 66, 76, 80, 81, 83, 85, 109, 110, 125, 127, 128, 131, 170, 172, 173, 180, 181, 197, 210, 211, 214, 231, 239, 240, 241, 248, 266, 283, 346, 357, 360, 362, 390, 393-399, 404, 417$930736$020134255$w03K07_05
=653  \\$aCorette$3483$930739$020134255$w03K07_04
=653  \\$aCouperin, fam$347-50, 381$930795$020134255$w03K07_05
=653  \\$aCoupillet$343, 209, 210$930802$020134255$w03K07_05
=653  \\$aCousser, J.S.$3241, 249-250$930817$020134255$w03K07_05
=653  \\$aCromwell, O.$344, 45, 56, 60, 454$930861$020134255$w03K07_04
=653  \\$aDallam, R.$3151, 348, 354, 376$930911$020134255$w03K07_04
=653  \\$adansen$3386$930928$020134255$w03K07_04
=653  \\$adansen$326$930928$020134255$w03K07_05
=653  \\$aDavenant, C. & W.$3332, 323, 333, 335, 336, 395, 417$930958$020134255$w03K07_04
=653  \\$aDeering, R.$337, 44, 62, 77, 463, 464$930984$020134255$w03K07_04
=653  \\$aDemantius, C.$376$931000$020134255$w03K07_04
=653  \\$aDescartes$385, 379$931024$020134255$w03K07_05
=653  \\$aDescartes, R.$3105, 180, 181, 407, 431, 438$931025$020134255$w03K07_04
=653  \\$aDesmarets, H.$343, 209, 210, 211, 381$931030$020134255$w03K07_05
=653  \\$aDieupart, C.$3136, 147, 163, 169-170$931075$020134255$w03K07_05
=653  \\$adiminuties$3196, 400, 401$931087$020134255$w03K07_04
=653  \\$adiminuties$329, 152, 394-399$931087$020134255$w03K07_05
=653  \\$aDomville, S.$3330$931140$020134255$w03K07_04
=653  \\$aDoni, G.B.$3117$931144$020134255$w03K07_01
=653  \\$aDoni, G.B.$3185-203$931144$020134255$w03K07_04
=653  \\$aDoni, G.B.$3471$931144$020134255$w03K07_04
=653  \\$aDonner, J.C.$3249$931151$020134255$w03K07_04
=653  \\$adrukfouten$387$931221$020134255$w03K07_01
=653  \\$adrukfouten$395, 247$931221$020134255$w03K07_05
=653  \\$aDryden$3pr d v, vi$931225$020134255$w03K07_01
=653  \\$aDryden$3509, 211, 522$931225$020134255$w03K07_04
=653  \\$aDubourg, M.$376, 2413, 250, 361-363, 425$931262$020134255$w03K07_05
=653  \\$aDumont, H$339, 43, 87, 207, 209$931297$020134255$w03K07_05
=653  \\$adump (clump?)$326$931299$020134255$w03K07_04
=653  \\$aDurastanti, M.$3297, 306, 307, 311$931322$020134255$w03K07_05
=653  \\$adwarsfluit$3133, 134, 315, 478-483$931340$020134255$w03K07_04
=653  \\$adwarsfluit$3364, 369$931340$020134255$w03K07_05
=653  \\$adynamiek$3197, 314, 530$931346$020134255$w03K07_04
=653  \\$adynamiek$3140, 284, 286, 287, 397-399, 442$931346$020134255$w03K07_05
=653  \\$aEast, M.$3352$931355$020134255$w03K07_04
=653  \\$aEccles, H.$366, 381, 382, 525, 540$931366$020134255$w03K07_04
=653  \\$aEccles, S.$366, 381, 382, 525, 540$931368$020134255$w03K07_04
=653  \\$aecho effekt$352?, 205, 217, 443$931372$020134255$w03K07_04
=653  \\$aEllis, W.$3323, 324, 325, 326, 327, 327, 330-332$931426$020134255$w03K07_04
=653  \\$aemoties$3pr d ii, lxxiii, 317$931445$020134255$w03K07_01
=653  \\$aemoties$3197, 198, 271, 320$931445$020134255$w03K07_04
=653  \\$aemoties$351, 311$931445$020134255$w03K07_05
=653  \\$aentréeprijs$33, 7, 76, 77, 128, 130, 296, 353$931492$020134255$w03K07_05
=653  \\$aEpine, F.M. de l'$3153, 154, 155, 344$931497$020134255$w03K07_05
=653  \\$aEst, M.$325$931532$020134255$w03K07_04
=653  \\$aevolutie van muziekkwaliteit$3320, 321$931555$020134255$w03K07_04
=653  \\$afa la la$346$931576$020134255$w03K07_04
=653  \\$afalset$3349, 427, 445$931595$020134255$w03K07_04
=653  \\$afandango$374$931602$020134255$w03K07_04
=653  \\$aFarrant, ... & R.$335, 40, 352, 360, 369, 370, 475$931618$020134255$w03K07_04
=653  \\$aFerrabosco, ... & A.$33, 57, 339, 352, 369, 370, 408, 463, 475$931677$020134255$w03K07_04
=653  \\$aFesting$3pr d lxxx$931692$020134255$w03K07_01
=653  \\$aFesting, M.C.$3110, 130, 353, 363, 364$931693$020134255$w03K07_05
=653  \\$aFinck, E.$3126$931712$020134255$w03K07_05
=653  \\$aFinger, G.$3381$931714$020134255$w03K07_04
=653  \\$aFinger, G.$36, 81, 82, 83, 170, 175$931714$020134255$w03K07_05
=653  \\$aFitzwilliam Virginal Book$3345, 403$926098$020134255$w03K07_05
=653  \\$aFoggia, F.$379, 264, 265, 267, 268$931792$020134255$w03K07_04
=653  \\$aForcer, F.$3380$931816$020134255$w03K07_04
=653  \\$aFord, T.$314, 15, 25, 37, 369, 370, 475$931819$020134255$w03K07_04
=653  \\$aFranse invloed in Engeland$3394-397, 416$931879$020134255$w03K07_04
=653  \\$aFranse invloed in Engeland$3175, 204, 405$931879$020134255$w03K07_05
=653  \\$aGamble, J.$363, 327, 328$932003$020134255$w03K07_04
=653  \\$aGates, B.$3471$932030$020134255$w03K07_04
=653  \\$aGaultier, J.$3370, 457$932041$020134255$w03K07_04
=653  \\$aGauthier$339, 40$932045$020134255$w03K07_05
=653  \\$aGeminiani$3pr d iii, lxxvii, lxxviii, lxxx, lxxxiv$932109$020134255$w03K07_01
=653  \\$aGeminiani$3240, 265, 310, 314$932109$020134255$w03K07_04
=653  \\$aGeminiani$3110, 177, 184, 226, 238-248, 264, 269, 347, 348, 362, 363, 372, 389-399, 417, 418, 419-425$932109$020134255$w03K07_05
=653  \\$aGerbert, M.$3pr d xxi, lxxviii$932132$020134255$w03K07_01
=653  \\$aGervais, C.H.$3381$932141$020134255$w03K07_05
=653  \\$aGiovanelli, R.$3121$932202$020134255$w03K07_05
=653  \\$aGoldwin, J.$3101$932267$020134255$w03K07_05
=653  \\$aGosson, S.$3321, 322, 333$932280$020134255$w03K07_04
=653  \\$aGostling$3359, 360, 487, 488, 498, 505$932281$020134255$w03K07_04
=653  \\$aGraber$36, 80, 81, 87$932311$020134255$w03K07_05
=653  \\$aGrabu, L.$3395, 396, 397, 447$932313$020134255$w03K07_04
=653  \\$aGreber, fam$3154$932360$020134255$w03K07_05
=653  \\$agregoriaans$3280-390, 398-465$932368$020134255$w03K07_01
=653  \\$agregoriaans$3283, 284$932368$020134255$w03K07_04
=653  \\$agregoriaans$3112, 113, 114$932368$020134255$w03K07_05
=653  \\$aGregory, W.$3411$932378$020134255$w03K07_04
=653  \\$agruppo$3470$932442$020134255$w03K07_04
=653  \\$aGyles, N.$311, 12, 33, 36, 40, 59, 352$932493$020134255$w03K07_04
=653  \\$aHall, H.$3511$932515$020134255$w03K07_04
=653  \\$aHammerschmidt, A.$3181, 182$932530$020134255$w03K07_04
=653  \\$aHändel_als leraar$3180$932533$020134255$w03K07_05
=653  \\$aHändel, G.F.$3pr d iii, vi, xxviii, lxix, lxxxv, lxxx, lxxxiv$932536$020134255$w03K07_01
=653  \\$aHändel, G.F.$392, 203, 277, 287, 290, 306, 310, 314, 315, 317, 388, 389, 523, 526$932536$020134255$w03K07_04
=653  \\$aHändel, G.F._algemeen$366, 76, 109, 110, 128, 134, 146, 147, 164, 170, 177, 180, 188, 189, 196, 199, 239, 250, 253, 255, 262-273, 275, 276, 281, 282, 292, 296-297, 300, 306, 307, 311, 317, 318, 323-328, 342, 348, 350, 353, 354-359, 360, 386, 389, 404, 407-418, 419$932537$020134255$w03K07_05
=653  \\$aHare, J.$3108, 109$932564$020134255$w03K07_05
=653  \\$aHarris, R.$3151, 352-356, 539$97092$020134255$w03K07_04
=653  \\$aHarris, R.$394$97092$020134255$w03K07_05
=653  \\$aHart$3471$932599$020134255$w03K07_04
=653  \\$aHart, Ph.$3178, 179, 181, 182$932600$020134255$w03K07_05
=653  \\$aHayward, J.$3464$932653$020134255$w03K07_04
=653  \\$aHenry VIII als componist$395$932713$020134255$w03K07_05
=653  \\$aHerbst, J.A.$3182$932720$020134255$w03K07_04
=653  \\$aHesletine, J.$3106$932748$020134255$w03K07_05
=653  \\$aHeyther, W.$330-33, 36$932771$020134255$w03K07_04
=653  \\$aHilton, J.$36, 46, 47, 63, 352, 474, 475$932786$020134255$w03K07_04
=653  \\$aHingeston$3486$932788$020134255$w03K07_04
=653  \\$aHingston, J.$344, 45, 379$932789$020134255$w03K07_04
=653  \\$ahobo$32, 187, 188$932805$020134255$w03K07_05
=653  \\$ahobo$3369, 370, 371, 372$932805$020134255$w03K07_05
=653  \\$ahoboriet$3136$932814$020134255$w03K07_04
=653  \\$ahoboriet$3370, 371$932814$020134255$w03K07_05
=653  \\$aHolder$3336$932857$020134255$w03K07_01
=653  \\$aHolder$3171, 216$932857$020134255$w03K07_05
=653  \\$aHolder, W.$3431, 504, 541-545$932858$020134255$w03K07_04
=653  \\$aHudson, G.$3323$932974$020134255$w03K07_04
=653  \\$ahuisorgel_Engeland 18e eeuw$3128$932985$020134255$w03K07_05
=653  \\$aHumphrey$3pr d lxxx$933007$020134255$w03K07_01
=653  \\$aHumphrey, P.$3352, 361, 372, 416, 428, 487, 496, 505$933008$020134255$w03K07_04
=653  \\$aHumphrey, P.$3101, 272, 405, 476, 477$933008$020134255$w03K07_05
=653  \\$aHumphries, J.$3365, 366$933009$020134255$w03K07_05
=653  \\$aHunt, A.$36$933015$020134255$w03K07_04
=653  \\$aHunt, A.$3250$933015$020134255$w03K07_05
=653  \\$aHunt, Arabella$3545-546$933016$020134255$w03K07_04
=653  \\$aInglott, W.$322, 23$933077$020134255$w03K07_05
=653  \\$ainterpretatie vroeger$3456, 470, 471$933102$020134255$w03K07_04
=653  \\$aIsham, J.$3102-105$933129$020134255$w03K07_05
=653  \\$aitaliaanse invloed in Duitsland$3249, 250, 255$933140$020134255$w03K07_05
=653  \\$aIves, S.$323$933163$020134255$w03K07_05
=653  \\$aJohnson, R.$314, 15, 37$933228$020134255$w03K07_04
=653  \\$aJomelli$3pr d ix, lxxix$933231$020134255$w03K07_01
=653  \\$aJones, Ph. (klavecimbelbouwer)$388$933237$020134255$w03K07_05
=653  \\$aJones, R.$326, 352$933238$020134255$w03K07_04
=653  \\$aJortin, Dr. [?]$3161, 166, 277$933252$020134255$w03K07_01
=653  \\$aJosquin$3210, 267$933255$020134255$w03K07_04
=653  \\$aKeenell, A.$33$933327$020134255$w03K07_05
=653  \\$aKeiser, R.$3250, 251, 265$933338$020134255$w03K07_05
=653  \\$aKeller, G.$3170, 171$911962$020134255$w03K07_05
=653  \\$aKelway$3255$933353$020134255$w03K07_05
=653  \\$aKempis, F a $382$933355$020134255$w03K07_05
=653  \\$aKing, ... + H.$36, 23,102, 106, 406$933409$020134255$w03K07_05
=653  \\$aklarinet$3249$933442$020134255$w03K07_04
=653  \\$aklavecimbel of$323, 239, 378$933468$020134255$w03K07_05$aKlemm, J.$383, 84$933620$020134255$w03K07_04
=653  \\$aKlingenberg, G.$3194$933625$020134255$w03K07_05
=653  \\$akortholt$3138, 139, 140$933728$020134255$w03K07_04
=653  \\$aKrieger, A.$382$933760$020134255$w03K07_05
=653  \\$aKropfgantz, J.$3282$933773$020134255$w03K07_04
=653  \\$akwaliteit van uitvoering$3360$933816$020134255$w03K07_04
=653  \\$akwaliteit van uitvoering$353, 57, 403, 421, 422$933816$020134255$w03K07_05
=653  \\$aLalouette$3435$933862$020134255$w03K07_01
=653  \\$aLanier, ... & N.$336, 37, 66, 314, 365, 369, 370, 385$933906$020134255$w03K07_04
=653  \\$aLawes, J.$323, 80, 82, 85, 86, 87, 179$933948$020134255$w03K07_05
=653  \\$aLeighton, W.$326, 352$934004$020134255$w03K07_04
=653  \\$aLeopold I$359, 96, 204, 234$922858$020134255$w03K07_04
=653  \\$aLeopold I$331, 32, 37, 56, 203, 212, 248, 275$922858$020134255$w03K07_05
=653  \\$aLiberati, A.$378, 90, 264, 265, 266-268, 303$934086$020134255$w03K07_04
=653  \\$aLiberati, A.$3121$934086$020134255$w03K07_05
=653  \\$alijfstraffen$3346$934114$020134255$w03K07_01
=653  \\$aLilly, J.$3372, 373$934120$020134255$w03K07_04
=653  \\$alira in gamba$3345$934144$020134255$w03K07_04
=653  \\$aLoosemore, H.$324, 80$934204$020134255$w03K07_05
=653  \\$aLorentz, A.$3265$934212$020134255$w03K07_04
=653  \\$aLorenzani, P.$3307$934215$020134255$w03K07_04
=653  \\$aLow, E.$364, 326, 328, 348, 349, 350, 352, 357, 375, 471$934240$020134255$w03K07_04
=653  \\$aLully$3pr d xix, lxxi, lxxiii$934271$020134255$w03K07_01
=653  \\$aLully$3203, 236-246, 278, 279, 354, 355, 385, 395, 526, 527$934271$020134255$w03K07_04
=653  \\$aLunati, C.A.$3131$934281$020134255$w03K07_05
=653  \\$aLupo, T.$314, 15, 37, 370, 408, 463$934285$020134255$w03K07_04
=653  \\$alyra$3116, 117, 118-120$934305$020134255$w03K07_04
=653  \\$alyra viol$326, 27, 63, 327, 440, 466, 475, 476$934312$020134255$w03K07_04
=653  \\$alyra viol$317, 18, 80, 81, 84, 85$934312$020134255$w03K07_05
=653  \\$alyraviolin$382$934313$020134255$w03K07_05
=653  \\$aMace, Thomas$3339, 393, 436, 437, 450-467$95853$020134255$w03K07_04
=653  \\$aMace, Thomas$382, 350$95853$020134255$w03K07_05
=653  \\$aMalcolm, A.$340, 41, 215-222$934395$020134255$w03K07_05
=653  \\$aManduit, J.$3153, 154$934422$020134255$w03K07_04
=653  \\$aManelli, C.$381$934424$020134255$w03K07_05
=653  \\$aMarais, M.$345, 46$934441$020134255$w03K07_05
=653  \\$aMarazzoti, M.$3121$934443$020134255$w03K07_05
=653  \\$aMarbeck, J.$327, 350$934444$020134255$w03K07_04
=653  \\$aMarchand, J.L.$346, 47, 255, 384, 385$934453$020134255$w03K07_05
=653  \\$aMarenzio, L.$3189, 196$934462$020134255$w03K07_04
=653  \\$aMarenzio, L.$3121, 351$934462$020134255$w03K07_05
=653  \\$aMaugars, A.$3197$934550$020134255$w03K07_04
=653  \\$aMears, R.$3109, 110$934572$020134255$w03K07_05
=653  \\$aMeibomius, M.$3224-28, 423, 485$934616$020134255$w03K07_04
=653  \\$aMelcolm$3352$934627$020134255$w03K07_01
=653  \\$aMell, D.$3327-329, 370, 381$934630$020134255$w03K07_04
=653  \\$aMell, F.$315, 82$934631$020134255$w03K07_05
=653  \\$aMengoli, P.$3229-232$934656$020134255$w03K07_04
=653  \\$ametronoom voor 1800$340$934716$020134255$w03K07_05
=653  \\$aMichichi, R.$375$934749$020134255$w03K07_04
=653  \\$aMinoret, G.$343, 209$934773$020134255$w03K07_05
=653  \\$amondstuk zink/serpent$3140-142$934820$020134255$w03K07_04
=653  \\$amonochord meting$3282, 442$934824$020134255$w03K07_04
=653  \\$amordent beginnend op ondersecunde$3470$934870$020134255$w03K07_04
=653  \\$aMoreau, J.B.$341, 42$934880$020134255$w03K07_05
=653  \\$aMundy, W.$327, 28, 40, 352$934955$020134255$w03K07_04
=653  \\$amuziek = $3vw iii$934994$020134255$w03K07_01
=653  \\$amuziek en geneeskunst$3215-217$935002$020134255$w03K07_04
=653  \\$amuziek in eredienst$341, 42, 43, 56, 281, 347-352, 357-364$935012$020134255$w03K07_04
=653  \\$amuziek in oudheid$3pr d xxiv-xlix, lviii, lix, 1-276, 292, 293, 300$935017$020134255$w03K07_01
=653  \\$amuziekdruk$3472-474, 477, 478$935070$020134255$w03K07_04
=653  \\$amuziekdruk$3107-110$935070$020134255$w03K07_05
=653  \\$aNanino, G.M.$3121$935141$020134255$w03K07_05
=653  \\$aNannino$3210, 268$935142$020134255$w03K07_04
=653  \\$aNaves$3427$935165$020134255$w03K07_04
=653  \\$aNeedler, H.$3123, 124-127$935189$020134255$w03K07_05
=653  \\$aNenna, P.$3196$935198$020134255$w03K07_04
=653  \\$aNevell, Lady$3386$935216$020134255$w03K07_04
=653  \\$aNicholson, R.$364$935223$020134255$w03K07_04
=653  \\$aNivers, G.$3283, 284$935254$020134255$w03K07_04
=653  \\$aNivers, G.G.$3pr d xix, 163, 361-367$935255$020134255$w03K07_01
=653  \\$aNorman, Barak$388$935273$020134255$w03K07_05
=653  \\$aNotari, A.$337$935282$020134255$w03K07_04
=653  \\$anotatieproblemen$3243, 244, 245, 246$935285$020134255$w03K07_05
=653  \\$aop de wijze van$3178$935397$020134255$w03K07_05
=653  \\$aorgel in eredienst$3372, 399, 404$935479$020134255$w03K07_01
=653  \\$aorgel in eredienst$3347, 348, 350, 351, 352, 430, 451, 452, 453, 454$935479$020134255$w03K07_04
=653  \\$aorpharion$317, 23, 25, 28, 29, 173$935623$020134255$w03K07_04
=653  \\$aOuvrard$3pr d xviii$935671$020134255$w03K07_01
=653  \\$aOxford Musick Schoole$3374-377$935684$020134255$w03K07_04
=653  \\$aPallavicino, B.$370$935730$020134255$w03K07_04
=653  \\$aparodie$310$935769$020134255$w03K07_05
=653  \\$aParrau, A.$3387$935771$020134255$w03K07_05
=653  \\$aParsons, M.$327, 28, 40, 350, 352$935773$020134255$w03K07_04
=653  \\$apassamezzo$3386, 387$935787$020134255$w03K07_04
=653  \\$apedal$3464$935833$020134255$w03K07_04
=653  \\$apest$3pr d lvi$935876$020134255$w03K07_01
=653  \\$apest$332$935876$020134255$w03K07_04
=653  \\$aPhilips, P.$365$935930$020134255$w03K07_04
=653  \\$aPicci, T.$3195, 196$935957$020134255$w03K07_04
=653  \\$aPiggot, F.$3355, 415, 508$935978$020134255$w03K07_04
=653  \\$aPistocchi, F.A.$3294, 295, 322$936000$020134255$w03K07_05
=653  \\$aPorta, C.$3111, 116$936097$020134255$w03K07_01
=653  \\$aPorter, W.$362, 65, 369$936103$020134255$w03K07_04
=653  \\$aPrelleur$3pr d xx$936143$020134255$w03K07_01
=653  \\$aPrelleur, B.$3127, 128, 372, 373$936144$020134255$w03K07_05
=653  \\$aprijs van gamba$3339, 465$936169$020134255$w03K07_04
=653  \\$aprijs van luit$3457$936179$020134255$w03K07_04
=653  \\$aprof. of music in England$391$936219$020134255$w03K07_05
=653  \\$aPrynne, W.$3322, 333, 336$936232$020134255$w03K07_04
=653  \\$apsalterium$3124, 218, 219$936252$020134255$w03K07_04
=653  \\$apsalterium$387$936252$020134255$w03K07_05
=653  \\$apubliek$346, 207, 208, 211, 356, 422$936257$020134255$w03K07_05
=653  \\$aPurcell, F.$37, 60, 93, 106$936280$020134255$w03K07_05
=653  \\$aPurcell, T.$3372$936284$020134255$w03K07_04
=653  \\$aquadrivium$3315$936291$020134255$w03K07_01
=653  \\$aRavenscroft, J.$3366-369$938263$020134255$w03K07_05
=653  \\$aRedford, J.$3458-463$938299$020134255$w03K07_05
=653  \\$aReggio, P.$3429$938308$020134255$w03K07_04
=653  \\$aregistratiepedalen bij orgel$3464$938320$020134255$w03K07_04
=653  \\$aRicci, D. (Rizzio)$31, 2, 3, 10$938417$020134255$w03K07_04
=653  \\$aricercare$374$938423$020134255$w03K07_04
=653  \\$aRobinson,  Anast.$3297, 301, 406$938489$020134255$w03K07_05
=653  \\$aRogers, B.$359-61, 348, 469, 475$938505$020134255$w03K07_04
=653  \\$aRogers, B.$3468$938505$020134255$w03K07_05
=653  \\$aRosier de$381$938562$020134255$w03K07_05
=653  \\$aRosseter, Ph.$329$938568$020134255$w03K07_04
=653  \\$aRuckers$3183$938619$020134255$w03K07_04
=653  \\$aRuckers$388, 412$938619$020134255$w03K07_05
=653  \\$asalaris$311, 15, 32, 33, 37, 44, 60, 71, 72, 82, 359, 385, 427, 451, 456, 487, 520, 521$938697$020134255$w03K07_04
=653  \\$asalaris$353, 60, 95, 102, 103, 106, 127, 177, 251, 267, 276, 304, 305, 307, 313, 321, 327, 350, 373, 411$938697$020134255$w03K07_05
=653  \\$aSalinar [?]$3pr d lxii, 335$938707$020134255$w03K07_01
=653  \\$aSalinas$372, 99, 187, 195, 196$938708$020134255$w03K07_04
=653  \\$aSalinas$3403$938708$020134255$w03K07_05
=653  \\$aSammartini, G.$3317$938727$020134255$w03K07_04
=653  \\$aSammartini, G.$3110, 282, 305, 369-371, 417$938727$020134255$w03K07_05
=653  \\$aSanta Maria, T. de$3pr d lvi$938743$020134255$w03K07_01
=653  \\$aSanta Maria, Thomas de$372$938745$020134255$w03K07_04
=653  \\$aScacchi, M.$385-88, 269$938781$020134255$w03K07_04
=653  \\$aSchickhard$3482$938849$020134255$w03K07_04
=653  \\$aSchickhardt$3180$938852$020134255$w03K07_05
=653  \\$aSchotse muziek$33, 4, 5-7$938949$020134255$w03K07_04
=653  \\$aSeldon$3331$939045$020134255$w03K07_01
=653  \\$aSenaillé$383$939049$020134255$w03K07_05
=653  \\$aSenesino$3282, 296, 297, 300, 301, 304, 306, 307, 317, 320$923785$020134255$w03K07_05
=653  \\$aShephard, J.$3466$939088$020134255$w03K07_05
=653  \\$aSheppard, J.$3352$939089$020134255$w03K07_04
=653  \\$aShore, Fam. $3520, 521$939091$020134255$w03K07_04
=653  \\$aShore, J.$37, 20, 60$939092$020134255$w03K07_05
=653  \\$aSiface$3131, 132, 293, 294$939110$020134255$w03K07_05
=653  \\$aSifau$3253, 254$939111$020134255$w03K07_04
=653  \\$aSilves$350, 475$939123$020134255$w03K07_04
=653  \\$aSimonelli, M.$3285, 286$939129$020134255$w03K07_04
=653  \\$aSimonetti, M.$3121$939130$020134255$w03K07_05
=653  \\$aSmith, R.$3419, 420$939172$020134255$w03K07_05
=653  \\$aSmith, T.$3485$939173$020134255$w03K07_04
=653  \\$aSmith,... + C.$3109, 110, 186, 408$939174$020134255$w03K07_05
=653  \\$asnaren$3109, 218$939189$020134255$w03K07_04
=653  \\$aSnetzler$3355$939210$020134255$w03K07_04
=653  \\$aSnow$37$936336$020134255$w03K07_05
=653  \\$asociale status van van muziek instr$3359, 382, 383$936339$020134255$w03K07_04
=653  \\$asolmisatie$3pr d xiv, xv, 106, 137-139, 410, 424, 434, 435, 436, 437, 438$936344$020134255$w03K07_01
=653  \\$asolmisatie$3186, 200, 265, 273, 351, 485$936344$020134255$w03K07_04
=653  \\$asolmisatie$340, 197, 346$936344$020134255$w03K07_05
=653  \\$aSt. Cecilia$3502-504$936456$020134255$w03K07_04
=653  \\$aStaggini, M.$3373, 483, 484$936492$020134255$w03K07_04
=653  \\$aStaggins, N.$36, 66, 91$936493$020134255$w03K07_05
=653  \\$aStainer, J.$3345$936497$020134255$w03K07_04
=653  \\$aStanesby$3197, 364, 365$936507$020134255$w03K07_05
=653  \\$aStanesby, T.&T.$3131, 139, 483$936508$020134255$w03K07_04
=653  \\$aStefking, C.$3445$936528$020134255$w03K07_04
=653  \\$aStefkins, Th.$325$936529$020134255$w03K07_05
=653  \\$astemvork$3521$936573$020134255$w03K07_04
=653  \\$aStievard, J. (?)$3318$936590$020134255$w03K07_04
=653  \\$astraatmuzikant$366, 67$936612$020134255$w03K07_05
=653  \\$astreektechniek$3376$936623$020134255$w03K07_05
=653  \\$aStrozzi, B.$391, 93$936643$020134255$w03K07_04
=653  \\$aStrungk, N.A.$3315$936648$020134255$w03K07_04
=653  \\$aSueur, le$343, 207-209$936670$020134255$w03K07_05
=653  \\$aSuriano, F.$3363$936674$020134255$w03K07_01
=653  \\$aSymonds, H.$3181, 182$936706$020134255$w03K07_05
=653  \\$asynagogale muziek$3259-265, 267, 280$936707$020134255$w03K07_01
=653  \\$asynagogale muziek$3167$936707$020134255$w03K07_05
=653  \\$atabak$311, 12, 22$936718$020134255$w03K07_05
=653  \\$aTallis$3pr d xviii, lxxvii, 354$936729$020134255$w03K07_01
=653  \\$aTallis$386, 95, 272, 348, 404, 405, 450-452$936729$020134255$w03K07_05
=653  \\$aTallis, T.$327, 39, 40, 65, 91, 350, 352, 360, 418$936730$020134255$w03K07_04
=653  \\$aTaylor, S.$3425$921813$020134255$w03K07_04
=653  \\$aTemple, Sir W.$3pr d v, xxxv, xxxvi, xxxix, 2, 3$936812$020134255$w03K07_01
=653  \\$atempo$340$936814$020134255$w03K07_05
=653  \\$aTevo$327-30$936878$020134255$w03K07_05
=653  \\$aTheile, J.$3233, 234$936891$020134255$w03K07_04
=653  \\$aThéobalde, J. (= T. Gatti)$345, 57$936893$020134255$w03K07_05
=653  \\$aTofts$37, 152, 153, 303$936997$020134255$w03K07_05
=653  \\$aTomkins, J.$341, 352, 369, 375, 416$937006$020134255$w03K07_04
=653  \\$atoonkwaliteit$3310, 327, 329, 342, 344, 345, 346$937028$020134255$w03K07_04
=653  \\$atoonkwaliteit$32, 15, 362, 369, 370, 376$937028$020134255$w03K07_05
=653  \\$atoucher$3413$937044$020134255$w03K07_05
=653  \\$atrenchmore$3391, 392$937098$020134255$w03K07_04
=653  \\$atromba da tirarsi$384$937182$020134255$w03K07_05
=653  \\$atrompet$367, 73, 143, 144, 249, 334, 520, 521$937194$020134255$w03K07_04
=653  \\$atrompet$37, 20, 83, 84, 85, 197$937194$020134255$w03K07_05
=653  \\$atuba stentor$3221, 222$937208$020134255$w03K07_04
=653  \\$aTucker, W.$3411$937214$020134255$w03K07_04
=653  \\$aTudway$3339, 342, 355, 356, 413, 415, 483, 527, 544$937215$020134255$w03K07_04
=653  \\$aTudway$391-93, 107, 126$937215$020134255$w03K07_05
=653  \\$aTurner$37, 8, 182$937235$020134255$w03K07_05
=653  \\$aTurner, W.$3100, 101, 297$937236$020134255$w03K07_05
=653  \\$aTye, C.$3pr d lxxvii$937264$020134255$w03K07_01
=653  \\$aTye, Chr.$327, 39, 40, 352, 360$937265$020134255$w03K07_04
=653  \\$aUccelini$382, 85$937266$020134255$w03K07_05
=653  \\$aUgolini, V.$3268$937276$020134255$w03K07_04
=653  \\$aUrfey, Th. D'$3159-163$937304$020134255$w03K07_05
=653  \\$avakbond / gilde van musici$3365-373$937316$020134255$w03K07_04
=653  \\$aValentini, G.$396$937318$020134255$w03K07_04
=653  \\$aValentini, P.F.$378, 89, 206, 268$937319$020134255$w03K07_04
=653  \\$aValentino, R.$3482$937321$020134255$w03K07_04
=653  \\$aVincent, T.$3371$937555$020134255$w03K07_05
=653  \\$aviolino piccolo alla francese$3345, 346$937595$020134255$w03K07_04
=653  \\$aviolone$3115$937600$020134255$w03K07_04
=653  \\$aviool$359, 60, 62, 114, 115, 324, 325, 327, 331, 340, 342-346, 359, 382-385, 392, 393, 462, 471-473, 526$937605$020134255$w03K07_04
=653  \\$aviool$315, 27, 53, 87, 88, 129, 202, 360-368, 390$937605$020134255$w03K07_05
=653  \\$aVitruvius$3pr d xliv$922019$020134255$w03K07_01
=653  \\$aVittori, L.$3120$937647$020134255$w03K07_05
=653  \\$avogels en muziek$3pr d i, viii, lxxiv, 5$937697$020134255$w03K07_01
=653  \\$avogels en muziek$3208, 479, 480$937697$020134255$w03K07_04
=653  \\$avogels en muziek$3205, 206$937697$020134255$w03K07_05
=653  \\$aWallis$3104, 105, 106, 107, 109, 111, 131, 273, 274$937852$020134255$w03K07_01
=653  \\$aWallis, J.$3423, 424, 484, 485$937853$020134255$w03K07_04
=653  \\$aWalsh, J.$3108, 109, 110$937856$020134255$w03K07_05
=653  \\$aWalter, J.$383$937857$020134255$w03K07_05
=653  \\$aWard, J.$329, 40, 352, 408, 463$937867$020134255$w03K07_04
=653  \\$aWeelkes, T.$340, 352$937891$020134255$w03K07_04
=653  \\$aWeldon$3427, 488, 540$937916$020134255$w03K07_04
=653  \\$aWeldon, J.$359-93, 151, 365, 405$937917$020134255$w03K07_05
=653  \\$aWilson$381$937982$020134255$w03K07_05
=653  \\$aWilson, J.$356-59, 61, 64, 323, 326, 339, 348, 3494, 352, 370$937983$020134255$w03K07_04
=653  \\$aWise, M.$3361, 429, 430, 487, 542$938008$020134255$w03K07_04
=653  \\$aWoltz, J.$376$938046$020134255$w03K07_04
=653  \\$awonderkind$3126, 251, 347$938047$020134255$w03K07_05
=653  \\$aWood, A.$3pr d xxii, xxiii$938048$020134255$w03K07_01
=653  \\$aWood, A.$3322, 323, 324, 325, 326-333, 376, 413, 423, 424, 428, 485$938048$020134255$w03K07_04
=653  \\$aWoodcock$3482$938049$020134255$w03K07_04
=653  \\$aWoodcock, R.$3180$938050$020134255$w03K07_05
=653  \\$aYoung, fam$382, 129, 130$938063$020134255$w03K07_05
=653  \\$aZachau$3233, 234, 235$938072$020134255$w03K07_04
=653  \\$aZachau, W.$3264, 267$938073$020134255$w03K07_05
=653  \\$azangeres van 12 jaar$36$938092$020134255$w03K07_05
=653  \\$azuiverheid$3249, 315, 328, 331, 445$938176$020134255$w03K07_04
=856  \\$uhttps://www.digitale-sammlungen.de/en/view/bsb10623005$3vol. 1
=856  \\$uhttps://api.digitale-sammlungen.de/iiif/presentation/v2/bsb10623005/manifest$3IIIF manifest vol. 1
=856  \\$uhttps://www.digitale-sammlungen.de/en/view/bsb11311502$3vol. 2
=856  \\$uhttps://api.digitale-sammlungen.de/iiif/presentation/v2/bsb11311502/manifest$3IIIF manifest vol. 2
=856  \\$uhttps://www.digitale-sammlungen.de/en/view/bsb10623007$3vol. 3
=856  \\$uhttps://api.digitale-sammlungen.de/iiif/presentation/v2/bsb10623007/manifest$3IIIF manifest vol. 3
=856  \\$uhttps://www.digitale-sammlungen.de/en/view/bsb10623008$3vol. 4
=856  \\$uhttps://api.digitale-sammlungen.de/iiif/presentation/v2/bsb10623008/manifest$3IIIF manifest vol. 4
=856  \\$uhttps://books.google.be/books?id=2wbbTCYkHLQC$3vol. 5
=942  \\$cBOO
=952  \\$00$10$2ddc$3vol. 1$40$6KTS_1_000000000000000_C3_05_03K07$70$8RAR$9673$aORPH$bORPH$cKTS1_C3$d2020-07-08$eKoopman$oKTS1 C3.05 03K07$p20134255$r2021-01-12 00:00:00$w2021-01-12$yBOO
=952  \\$00$10$2ddc$3vol. 2$40$6KTS_1_000000000000000_C3_05_03K08$70$8RAR$922635$aORPH$bORPH$cKTS1_C3$d2020-07-08$eKoopman$l0$oKTS1 C3.05 03K08$p20134258$r2023-04-06 00:00:00$w2021-01-12$yBOO
=952  \\$00$10$2ddc$3vol. 3$40$6KTS_1_000000000000000_C3_05_03K09$70$8RAR$922636$aORPH$bORPH$cKTS1_C3$d2020-07-08$eKoopman$l0$oKTS1 C3.05 03K09$p20134259$r2023-04-06 00:00:00$w2021-01-12$yBOO
=952  \\$00$10$2ddc$3vol. 4$40$6KTS_1_000000000000000_C3_05_03K10$70$8RAR$922637$aORPH$bORPH$cKTS1_C3$d2020-07-08$eKoopman$l0$oKTS1 C3.05 03K10$p20134257$r2023-04-06 00:00:00$w2021-01-12$yBOO
=952  \\$00$10$2ddc$3vol. 5$40$6KTS_1_000000000000000_C3_05_03K11$70$8RAR$922638$aORPH$bORPH$cKTS1_C3$d2020-07-08$eKoopman$l0$oKTS1 C3.05 03K11$p20134256$r2023-04-06 00:00:00$w2021-01-12$yBOO
=999  \\$d673

