=LDR  02404aam a2200301   4500
=001  674
=008  210504s1785\\\\\\\acf||\||||\00|\0beng\d
=041  \\$aeng
=100  \\$aBurney, Charles$d1726-1814$4aut$1http://www.wikidata.org/entity/Q547002$910020
=245  \\$aAn Account of the Musical Performances in Westminster-Abbey and the Pantheon, May 26th, 27th, 29th; and June the 3rd, and 5th.$bIn Commemoration of Handel
=250  \\$a1st ed.
=260  \\$aLondon$bMusical Fund$bPayne$bRobinson$c1785
=300  \\$aviii-xvi-139 pages$b8 plates inserted
=500  \\$aLavishly illustrated account in quarto format, containing a biography and works' list of Handel, and proposals for printing a complete edition of his works; the illustrations depict the medal that was struck on the occasion, a view of Handel's monument at Westminster Abbey, the tickets of admission to the performances, a view of the orchestra and audience, a plan of the chorus and orchestra
=520  \\$aTo the King -- Preface -- Sketch of the Life of Handel -- Character of Handel as a Composer -- Chronological List of Handel's Works -- Handel's Music. Proposals for Printing by Subscription, by R. Birchall -- Addenda to the Preface of the Commemoration Account -- Addenda to Life of Handel -- Commemoration of Handel
=561  \\$aEx libris Thomas Robinson Sherburn (ms.)
=585  \\$aPart of the exhibition 'Händel in Naarden, uit de collectie van Ton Koopman', Oct-Nov 2025, Comenius Museum Naarden (NL).
=600  \0$aHandel, George Frideric$d1685-1759$1http://www.wikidata.org/entity/Q7302$94765
=610  \0$aWestminster Abbey (London, United Kingdom)$1http://www.wikidata.org/entity/Q5933$921432
=648  \0$a18th Century (1701-1800)$1http://www.wikidata.org/entity/Q7015$920899
=650  \0$aMusic history$1http://www.wikidata.org/entity/Q846047$921373
=650  \0$aBiography$1http://www.wikidata.org/entity/Q36279$91927
=651  \0$1http://www.wikidata.org/entity/Q84$aLondon (United Kingdom)$9123
=700  \\$4ill$aBurney, Edward Francis$d1760-1848$1http://www.wikidata.org/entity/Q5342980$921431
=856  \\$uhttps://archive.org/details/accountofmusical00burn/page/n8$3Internet Archive
=942  \\$cBOO
=952  \\$00$10$2ddc$40$6KTS_1_000000000000000_C3_05_03K12$70$8RAR$9674$aORPH$bORPH$cKTS1_C3$d2020-07-08$eKoopman$l0$oKTS1 C3.05 03K12$p20136388$r2021-01-12 00:00:00$v700.00$w2021-01-12$yBOO
=999  \\$d674

