=LDR  07105aam a2201165   4500
=001  675
=008  230413r15961592|||g||||\||||\00|\0\ita\d
=041  \\$aita
=100  \\$aZacconi, Lodovico$d1555-1627$4aut$1http://www.wikidata.org/entity/Q1344586$95400
=245  \\$aPrattica di musica
=260  \\$aVenice$bCarampello$c1596
=300  \\$a[xii]-218-[1] pages
=500  \\$aLodovico Zacconi (1555)1627) was an Italian composer and musical theorist of the late Renaissance and early Baroque eras
=500  \\$aHis most important works are the two books of 'Prattica di musica' (Musical Practice) which he published in Venice in 1592 and 1622.
=500  \\$a4 volumes in 1
=534  \\$aFirst published in 1592 in Venice
=590  \\$autile e necessaria si al compositore per comporre i canti suoi regolatamente, si anco al cantore per assicurarsi in tutte le cose cantabili. Divisa in quattro libri ne i quali si tratta delle cantilene ordinarie, de tempi de prolationi, de proportioni, de tuoni, et della convenienza de tutti gli istrumenti musicali. S'insegna a cantar tutte le compositioni antiche, si dichiara tutta la messa del Palest[r]ina titolo Lome Armé [L'Homme armé], con altre cose d'importanza & dilettevole. Ultimamente s'insegna il modo di fiorir una parte con vaghi & moderni accenti
=648  \0$1http://www.wikidata.org/entity/Q7017$a16th Century (1501-1600)$920944
=650  \0$aMethod$1http://www.wikidata.org/entity/Q2250960$921402
=650  \0$aMusic theory$1http://www.wikidata.org/entity/Q193544$92662
=650  \0$aSinging$1http://www.wikidata.org/entity/Q27939$92767
=650  \0$aComposing$1http://www.wikidata.org/entity/Q92186587$93076
=651  \0$1http://www.wikidata.org/entity/Q641$aVenice (Italy)$91
=653  \0$aa =$3214r, 214v$020140446$w03K13$928388
=653  \0$aAaron, P.$3217v$020140446$w03K13$928410
=653  \0$aArcadelt$3208r$020140446$w03K13$928751
=653  \0$aarpicordo$3213r, 214r-218r$020140446$w03K13$928806
=653  \0$ablokfluit$3213r-215v, 217v, 218r, 218v$020140446$w03K13$929645
=653  \0$aBrumel, A.$3194r (=188r), 190r$020140446$w03K13$929982
=653  \0$aClemens non Papa$3189r$020140446$w03K13$930541
=653  \0$amuziektheorie$3wb, 85r-132v, 133r-192v$020140446$w03K13$935100
=653  \0$aObrecht$384v, 105r, 155v, 189v, 190v, 191v$020140446$w03K13$935318
=653  \0$aOckeghem$313v, 130v, 190v, 191r$020140446$w03K13$935321
=653  \0$adiminuties$356r-76r, 80r$020140446$w03K13$931087
=653  \0$adirigent$376r-77r$020140446$w03K13$931092
=653  \0$adoedelzak$3213r, 214r, 218r$020140446$w03K13$931125
=653  \0$adulciaan$3213r, 214r, 218r, 218v$020140446$w03K13$931287
=653  \0$adwarsfluit$3213r, 213v, 214r, 214v, 218r, 218v$020140446$w03K13$931340
=653  \0$adynamiek$355v$020140446$w03K13$931346
=653  \0$afagot$3213r, 214r, 218r, 218v$020140446$w03K13$931585
=653  \0$asolmisatie$314v, 6v-27v, 194r, 201r$020140446$w03K13$936344
=653  \0$asub/semitoetsen$3215r$020140446$w03K13$936666
=653  \0$aSusato, T.$3190r$020140446$w03K13$936679
=653  \0$agamba$3213r-216r, 217r, 218r$020140446$w03K13$931995
=653  \0$atemperatuur$3216r, 217v$020140446$w03K13$936807
=653  \0$agesticuleren etc.$354v, 55r$020140446$w03K13$932160
=653  \0$aGombert$37v, 190v, 191v$020140446$w03K13$932272
=653  \0$atrillers etc.$364v, 83r$020140446$w03K13$937146
=653  \0$aGuidonische hand$314v, 184r, 199v, 200r, 200v, 204v, 208r, 209r$020140446$w03K13$932476
=653  \0$atrombone$3213r, 218r, 218v$020140446$w03K13$937186
=653  \0$atrompet$3213r$020140446$w03K13$937194
=653  \0$aharp$3213r, 213v$020140446$w03K13$932582
=653  \0$aVicentino$315r$020140446$w03K13$937534
=653  \0$avillanella$380v-81v$020140446$w03K13$937549
=653  \0$aviolone$3218v$020140446$w03K13$937600
=653  \0$aIsaac, H.$3126r, 159r, 183v, 194r (=188v), 189r-192r$020140446$w03K13$933128
=653  \0$aJosquin$313v, 115v, 130v, 194r (=188r), 194v (=188v), 189r-192r$020140446$w03K13$933255
=653  \0$aWillaert, A.$37r, 7v, 190v$020140446$w03K13$937973
=653  \0$akerktoonsoorten$3199r, 199v, 203v, 205r$020140446$w03K13$933376
=653  \0$aZarlino$37r$020140446$w03K13$938113
=653  \0$azink$3213r, 213v, 214r, 214v, 218r, 218v$020140446$w03K13$938157
=653  \0$aklavecimbel_Italie 16e eeuw$3213r, 214r, 215r-218r$020140446$w03K13$933492
=653  \0$aregaal$3213r, 214r-216r, 218r$020140446$w03K13$938302
=653  \0$aRore, C. de$37r, 7v, 44r, 210v$020140446$w03K13$938549
=653  \0$aRue, P. de la$3189r, 190r$020140446$w03K13$938626
=653  \0$aluit$3213r, 213v, 216r$020140446$w03K13$934262
=653  \0$aSenfl, L.$3184r, 194r (=188r), 190r$020140446$w03K13$939057
=653  \0$asnaren_klavecimbel$3216v$020140446$w03K13$939196
=653  \0$amensurale notatie$329v-33v, 88r-132v, 165v-192v$020140446$w03K13$934666
=653  \0$aMorales$37r, 194r (=188r), 190r, 192r, 210v$020140446$w03K13$934863
=653  \\$aaccentus$356r$928448$020140446$w03K13
=653  \\$aarciviolatelire$3214r, 215r$928759$020140446$w03K13
=653  \\$abovensecunde triller$383r$929855$020140446$w03K13
=653  \\$aclaviorganum$3213r, 214r, 214v, 215r, 216r, 218r$930538$020140446$w03K13
=653  \\$acornamuti$3213r, 218r, 218v$930741$020140446$w03K13
=653  \\$aCrecquillon, T.$3165r, 194r (=188r), 191v$910329$020140446$w03K13
=653  \\$aDentice, A.$3203v$931015$020140446$w03K13
=653  \\$adoppioni$3213r$931160$020140446$w03K13
=653  \\$aHaiden, S.$3131r$932509$020140446$w03K13
=653  \\$aintonaties bij psalm etc$3211r$933111$020140446$w03K13
=653  \\$aIsnard, P.$3189v, 191v$933131$020140446$w03K13
=653  \\$aLanfranco$321r, 217v$933886$020140446$w03K13
=653  \\$aligaturen$329v-33v$934113$020140446$w03K13
=653  \\$alira$3213r-214r$934142$020140446$w03K13
=653  \\$alirone$3213r$934147$020140446$w03K13
=653  \\$aLupo$3164v, 194r-v (=188 rv), 189r-192r$934284$020140446$w03K13
=653  \\$aMandricourt, P.$3194v (=188v), 189r, 192r$934421$020140446$w03K13
=653  \\$ameer gebruik gelijke partituren$345v, 46r, 49v-50r, 112v, 113r, 116v, 117r-121r, 182v, 183r, 184r-185r$934591$020140446$w03K13
=653  \\$aPalestrina$37r, 110r, 112rv, 113r, 168v, 189r, 190r$935723$020140446$w03K13
=653  \\$aproportio bastarde$3185v, 186r$936226$020140446$w03K13
=653  \\$apuntum divisionis$389r$936278$020140446$w03K13
=653  \\$asordon$3218r$936373$020140446$w03K13
=653  \\$aStriggio$3182r$936631$020140446$w03K13
=653  \\$atempus etc$385r-132v, 156v$936841$020140446$w03K13
=653  \\$atono = $3193r-210v-212r$937023$020140446$w03K13
=653  \\$aVittoria, L. da$3168v$937651$020140446$w03K13
=856  \\$uhttps://gallica.bnf.fr/view3if/ga/ark:/12148/bpt6k58224g/f2$3IIIF
=942  \\$cBOO
=952  \\$00$10$2ddc$40$6KTS_1_000000000000000_C3_05_03K13$70$8RAR$9675$aORPH$bORPH$cKTS1_C3$d2020-07-08$eKoopman$l0$oKTS1 C3.05 03K13$p20140446$r2021-01-12 00:00:00$w2021-01-12$yBOO
=999  \\$d675

