=LDR  08923aam a2201477   4500
=001  676
=003  OI
=005  20250905114721.0
=008  210226s1671\\\\be\ac|||\||||\00|\m\eng\d
=040  \\$aBF
=041  \\$adut
=100  \\$aHooft, P. C.$d1581-1647$4aut$4trl$1http://www.wikidata.org/entity/Q10914484$95139
=245  \\$aWerken, ten deele nooit te vooren gedrukt
=260  \\$aAmsterdam$bLescailje$c1671
=300  \\$a[xxxv]-187-[4]-[i]-[35]-[3]-170-[2]-184-308 pages
=500  \\$aFirst edition of the collected works of Hooft (1581-1647) 
=500  \\$aIllustrated with 1 engraved title by A. Bloteling after G. de Lairesse, 1 portrait of Henry IV of Navarre, 1 portrait of Pieter Dirkszoon Hasselaar and 30 emblematic copper figures after the "Amatoria" edition of 1618
=505  \\$gHendrik de Groote -- Rampzaaligheden der Verheffinge van den Huize Medicis -- XXVIII Brieven -- Vertaalingen uit Tacitus -- Korte leeringen en opmerkingen uit verscheide Schrijvers getogen en vertaalt -- Wellekomst aan den Prins van Oranje, naa ’ veroveren van Grol -- Gedichten eertijds verzaamelt en uitgegeven door J. van der Burgh -- Toonneelspelen (including "Granida" and "Baeto") -- Minnezinnebeelden, sonnetten en zangen -- Verscheide dichten
=600  \0$aHenry IV$cKing of France$d1553-1610$1http://www.wikidata.org/entity/Q936976$922746
=610  \0$aHouse of Medici$1http://www.wikidata.org/entity/Q170022$922339
=648  \0$1http://www.wikidata.org/entity/Q7016$a17th Century (1601-1700)$920923
=650  \0$aPlay (theater)$1http://www.wikidata.org/entity/Q25379$921414
=650  \0$aCorrespondence$1http://www.wikidata.org/entity/Q1784733$921392
=650  \0$aPoetry$1http://www.wikidata.org/entity/Q482$93026
=651  \0$1http://www.wikidata.org/entity/Q55$aNetherlands$9173
=653  \0$aalchemie$353, 91, 105$020140445$w03K14c$928573
=653  \0$aAnslo, R.$3b3-c, c3$020140445$w03K14a$928713
=653  \0$aBaerle, C. van $3c3, B-B2$020140445$w03K14a$929016
=653  \0$aBaerle, C. van $329, 41, 59, 113, 116, 118, 122, 123, 124, 126, 127, 129, 130, 131-134, 135, 136-139, 142, 143, 145, 150, 154, 160, 163, 164, 165, 168, 169$020140445$w03K14c$929016
=653  \0$aBan, J.A.$3156$020140445$w03K14c$929061
=653  \0$aBarlaeus, C.$3305, 306$020140445$w03K14e$929087
=653  \0$ablokfluit$3151$020140445$w03K14e$929645
=653  \0$aCaccini$3155, 170?, 173$020140445$w03K14e$930098
=653  \0$aCats, J.$3a2$020140445$w03K14e$930312
=653  \0$amuziek (algemeen)$3213, 215, 294, 295$020140445$w03K14e$934992
=653  \0$aop de wijze van$388?$020140445$w03K14c$935397
=653  \0$aop de wijze van$3153-177, 179, 287, 295$020140445$w03K14e$935397
=653  \0$aCoster, S.$348, 70, 131, 132, 168, 169$020140445$w03K14c$930775
=653  \0$aorgel in eredienst$3143, 148, 150$020140445$w03K14c$935479
=653  \0$aorgel in eredienst$3294$020140445$w03K14e$935479
=653  \0$adansen$3134, 137$020140445$w03K14e$930928
=653  \0$adoedelzak$3134$020140445$w03K14e$931125
=653  \0$aDonne, J.$351$020140445$w03K14c$931149
=653  \0$aDonne, J.$3a2$020140445$w03K14e$931149
=653  \0$aemoties$373$020140445$w03K14c$931445
=653  \0$aPuteanus$3168$020140445$w03K14c$936286
=653  \0$aSweelinck, J.P.$352, 53$020140445$w03K14c$936692
=653  \0$aSweelinck, J.P.$3242$020140445$w03K14e$936692
=653  \0$aGalilei, G.$3154$020140445$w03K14c$931981
=653  \0$agamba$3tp$020140445$w03K14a$931995
=653  \0$aTesselschade$317, 19, 31, 39, 53, 73, 75, 84, 85-95, 97-101, 112, 115, 116, 117, 121, 123, 125, 131, 132, 133, 135, 139-141, 162, 164, 169$020140445$w03K14c$936873
=653  \0$aTesselschade$3151, 188, 206, 213, 215, 295$020140445$w03K14e$936873
=653  \0$aGroot, H. de$3B$020140445$w03K14a$932424
=653  \0$aGroot, H. de$310, 11, 70, 99, 106, 107, 142, 144, 146$020140445$w03K14c$932424
=653  \0$aGroot, H. de$3254, 304$020140445$w03K14e$932424
=653  \0$atrompet$3tp$020140445$w03K14a$937194
=653  \0$aHeinsius, D.$36, 59$020140445$w03K14c$932679
=653  \0$aHeinsius, D.$3a2$020140445$w03K14e$932679
=653  \0$aHooft, P.C.$3wb$020140445$w03K14a$932893
=653  \0$aHooft, P.C.$3wb, 170$020140445$w03K14c$932893
=653  \0$aHooft, P.C._Psalmen$3245-252$020140445$w03K14e$932907
=653  \0$aVisscher, R.$348, 56$020140445$w03K14c$937635
=653  \0$aHuygens, C.$3c3, B-B2$020140445$w03K14a$933032
=653  \0$aHuygens, C.$318, 20, 22, 23, 27, 28, 29, 30, 37, 40, 51-55, 59-62, 85, 87, 91, 95-98, 101, 105, 106, 119, 120, 124, 126-128, 143, 148, 150, 159, 162, 163, 165$020140445$w03K14c$933032
=653  \0$aHuygens, C.$3a2, 149, 150, 152, 189, 207, 219, 232, 288, 289-292, 294, 295, 305$020140445$w03K14e$933032
=653  \0$aVollenhove, J.$3c3-c4$020140445$w03K14a$937719
=653  \0$aVondel, J. van den $3c3$020140445$w03K14a$937735
=653  \0$aVondel, J. van den $31$020140445$w03K14b$937735
=653  \0$aVondel, J. van den $322, 45, 70, 134, 168$020140445$w03K14c$937735
=653  \0$aVondel, J. van den $3a2, 254$020140445$w03K14e$937735
=653  \0$aVossius, G.$3306$020140445$w03K14e$937783
=653  \0$aVossius, G.J.$3109, 113, 136, 151, 152$020140445$w03K14c$937784
=653  \0$awijn$3121$020140445$w03K14c$937961
=653  \0$azangeres$353, 73, 89, 121, 131, 132, 133$020140445$w03K14c$938089
=653  \0$aklavecimbel_Nederland 17e eeuw$353$020140445$w03K14c$933500
=653  \0$aklavecimbel_Nederland 17e eeuw$3132$020140445$w03K14e$933500
=653  \0$aRoemer Visscher, Anna$316, 17, 18, 22$020140445$w03K14c$938499
=653  \0$aRoemer Visscher, Anna$3147, 148, 151, 242$020140445$w03K14e$938499
=653  \0$alamento$3b3-c2$020140445$w03K14a$933868
=653  \0$alamento$320$020140445$w03K14c$933868
=653  \0$alamento$3240-242, 306$020140445$w03K14e$933868
=653  \0$aRubens, P.$3214$020140445$w03K14e$938617
=653  \0$aluit$3127, 149, 216$020140445$w03K14e$934262
=653  \0$aMarenzio, L.$3170$020140445$w03K14e$934462
=653  \0$aMontaigne, M. de$320, 99, 136$020140445$w03K14c$934838
=653  \\$aBaerle, S. van $3147, 189, 207$929018$020140445$w03K14e
=653  \\$aBrandt, G.$3b2, c3$929884$020140445$w03K14a
=653  \\$aBurg, J. v.d.$3187$930036$020140445$w03K14a
=653  \\$aBurg, J. v.d.$3126, 128, 135$930036$020140445$w03K14c
=653  \\$aCoornhert, D.$3216, 305$930713$020140445$w03K14e
=653  \\$aCoster$3a2$930771$020140445$w03K14e
=653  \\$aDuarte, Fr. $3213$931236$020140445$w03K14e
=653  \\$aDuerte, Fr. $353, 73, 88, 89, 90, 91, 92, 121, 131, 132$931268$020140445$w03K14c
=653  \\$aGucciardini$333, 125$932462$020140445$w03K14c
=653  \\$aHooft, A.$3vw, privilege, c, c3-c4$932892$020140445$w03K14a
=653  \\$aHooft, P.C._Baeto$322$932895$020140445$w03K14c
=653  \\$aHooft, P.C._Baeto$381-113, 215$932895$020140445$w03K14e
=653  \\$aHooft, P.C._citaten$3135-158$932897$020140445$w03K14d
=653  \\$aHooft, P.C._G. van Velzen$343-80$932898$020140445$w03K14e
=653  \\$aHooft, P.C._Granida$37-42$932899$020140445$w03K14e
=653  \\$aHooft, P.C._Hendrik de Grote$31-191$932901$020140445$w03K14a
=653  \\$aHooft, P.C._Hendrik de Grote$327, 86$932901$020140445$w03K14c
=653  \\$aHooft, P.C._Paris Oordeel$3114-120$932906$020140445$w03K14e
=653  \\$aHooft, P.C._sonnetten$3142-147, 292, 304$932909$020140445$w03K14e
=653  \\$aHooft, P.C._Warenar$362$932911$020140445$w03K14c
=653  \\$aHooft, P.C._Warenar$3254-286$932911$020140445$w03K14e
=653  \\$aloterij$3307$934223$020140445$w03K14e
=653  \\$aMichelangelo$3155$910268$020140445$w03K14c
=653  \\$aMierevelt$330, 129$934753$020140445$w03K14c
=653  \\$amise-en-scene$3134$939271$020140445$w03K14c
=653  \\$aOgl, T.$3303$935346$020140445$w03K14e
=653  \\$aPlemp, C.G.$3a3, 186$936026$020140445$w03K14e
=653  \\$aRaphael$3155$923122$020140445$w03K14c
=653  \\$aSalmasius$3136$938713$020140445$w03K14c
=653  \\$aSchurman, Anna Maria$3135, 156$938998$020140445$w03K14c
=653  \\$aScriverius$3186$939031$020140445$w03K14a
=653  \\$aSpieghel, H.L.$3a2$936414$020140445$w03K14e
=653  \\$aSweelinck, D.$353, 131, 132$936691$020140445$w03K14c
=653  \\$aTacitus$31-134$95287$020140445$w03K14d
=700  \\$aBrandt, Gerard$d1626-1685$4edt$1http://www.wikidata.org/entity/Q2280680$98985
=700  \\$aTacitus$d54-120$1http://www.wikidata.org/entity/Q2161$4aut$95287
=700  \\$aBoccalini, Trajano$d1556-1613$1http://www.wikidata.org/entity/Q370031$4aut$926967
=856  \\$uhttps://books.google.be/books?id=5bJkAAAAcAAJ$3Google Books
=942  \\$cBOO
=952  \\$00$10$2ddc$40$6KTS_1_000000000000000_C3_05_03K14$70$8RAR$9676$aORPH$bORPH$cKTS1_C3$d2020-07-08$eKoopman$l0$oKTS1 C3.05 03K14$p20140445$r2021-01-12 00:00:00$w2021-01-12$yBOO
=999  \\$d676

