=LDR  02507    a2200481   4500
=001  677
=005  20250923161048.0
=008  230413b\\\\\\\\||||||||\||||\00|\0\###\d
=041  \\$afre
=059  \\$apf
=100  \\$aViguerie, Bernard$d1761-1819$4aut$1http://www.wikidata.org/entity/Q13080819$95402
=245  \\$aL'Art de toucher le piano forte
=260  \\$aParis$bRichault$cc. 1820-29
=300  \\$a55 pages$b1 folded page inserted
=500  \\$aContains mainly music examples
=500  \\$aAccording to the music critic and musicographer François-Joseph Fétis: "there are few works more mediocre and of more questionable utility than this so-called method; there are few, however, that have been more successful and of which more editions have been made"
=534  \\$aOriginally published in c.1796
=561  \\$aEx libris André Delapierre (stamp)
=590  \\$aDivisé en 4 parties
=648  \0$1http://www.wikidata.org/entity/Q7015$a18th Century (1701-1800)$920899
=648  \0$1http://www.wikidata.org/entity/Q6955$a19th Century (1801-1900)$920935
=650  \0$aMethod$1http://www.wikidata.org/entity/Q2250960$921402
=650  \0$aPiano$1http://www.wikidata.org/entity/Q5994$92127
=651  \0$1http://www.wikidata.org/entity/Q90$aParis (France)$9160
=653  \0$aartikulatie$34$020140447$w03K15$928817
=653  \0$aoud-nieuw$334$020140447$w03K15$935651
=653  \0$apianoforte$36$020140447$w03K15$935944
=653  \0$aport de voix$338-43$020140447$w03K15$936088
=653  \0$aport de voix op de slag$338, 39$020140447$w03K15$936090
=653  \0$aport de voix voor de slag$338, 39$020140447$w03K15$936092
=653  \0$aport de voix_lengte van $338, 39$020140447$w03K15$936095
=653  \0$aport de voix_uitschrijven van $338$020140447$w03K15$936096
=653  \0$agesticuleren$38$020140447$w03K15$932158
=653  \0$atrillers$334, 35, 36, 37$020140447$w03K15$937141
=653  \0$ahandhouding$37$020140447$w03K15$932548
=653  \0$avingerzetting$310-einde$020140447$w03K15$937568
=653  \\$abovensecundetriller$334, 35$929857$020140447$w03K15
=653  \\$aeenvoudige klaviermuziek voor beginners$344-einde$931392$020140447$w03K15
=653  \\$ahoofdnoottriller$334, 35$932889$020140447$w03K15
=942  \\$cBOO
=952  \\$00$10$2ddc$40$6KTS_1_000000000000000_C3_05_03K15$70$8RAR$9677$aORPH$bORPH$cKTS1_C3$d2020-07-08$eKoopman$l0$oKTS1 C3.05 03K15$p20140447$r2021-01-12 00:00:00$w2021-01-12$yBOO
=999  \\$d677
=533  \\$aDigitized by iGuana, Spring 2025.

