=LDR  00952atm a2200217   4500
=001  679
=008  230413s1699\\\\||||||||\||||\00|\0\dut\d
=041  \\$adut
=100  \\$aPraet, Jan Baptiste van$4aut$95403$d1644-1714
=245  \\$aTwelfste rekeninghe vanden polder van Arenbergh
=260  \\$aKieldrecht$c1699
=300  \\$a[65] pages
=500  \\$aThe Polder van Arenbergh was located in Kieldrecht, Belgium (East Flanders)
=500  \\$aAccounting book
=648  \0$1http://www.wikidata.org/entity/Q7016$a17th Century (1601-1700)$920923
=650  \0$aHistory$1http://www.wikidata.org/entity/Q309$921403
=650  \0$aEconomy$1http://www.wikidata.org/entity/Q159810$921625
=651  \0$1http://www.wikidata.org/entity/Q234$aFlanders (Belgium)$989
=942  \\$cMS
=952  \\$00$10$2ddc$40$6KTS_1_000000000000000_C3_05_03K17$70$8RAR$9679$aORPH$bORPH$cKTS1_C3$d2020-07-08$eKoopman$l0$oKTS1 C3.05 03K17$p20140450$r2021-01-12 00:00:00$w2021-01-12$yMS
=999  \\$d679

