=LDR  01650aam a2200277   4500
=001  682
=008  210428s1810\\\\\\\|||||\||||\00|\0\ger\d
=041  \\$ager
=059  \\$av
=245  \\$aGesangbildungslehre nach Pestalozzischen Grundsätzen
=250  \\$a1st ed.
=260  \\$aZürich$bNägeli$c1810
=300  \\$axvi-250-7-17-41 pages
=500  \\$aMichael Traugott Pfeiffer (1771-1849) was a Swiss music educator. Together with Hans Georg Nägeli (1773-1836), Swiss composer and music publisher, he was one of the pioneers of the Swiss choral movement at the beginning of the 19th century.
=600  10$1http://www.wikidata.org/entity/Q105428$aPestalozzi, Johann Heinrich$d1746-1827$926063
=648  \0$1http://www.wikidata.org/entity/Q6955$a19th Century (1801-1900)$920935
=650  \0$aMethod$1http://www.wikidata.org/entity/Q2250960$921402
=650  \0$aSinging$1http://www.wikidata.org/entity/Q27939$92767
=650  \0$aMusic education$1http://www.wikidata.org/entity/Q27908$921766
=651  \0$1http://www.wikidata.org/entity/Q72$aZürich (Switzerland)$921130
=700  \\$4aut$aPfeiffer, Michael Traugott$d1771-1849$1http://www.wikidata.org/entity/Q25422994$95339
=700  1\$4aut$aNägeli, Hans Georg$d1773-1836$1http://www.wikidata.org/entity/Q672548$95405
=856  \\$uhttps://imslp.org/wiki/Gesangbildungslehre_nach_Pestalozzischen_Grunds%C3%A4tzen_(N%C3%A4geli%2C_Hans_Georg)$3International Music Score Library Project
=942  \\$cBOO
=952  \\$00$10$2ddc$40$6KTS_1_000000000000000_C3_05_03K20$70$8RAR$9682$aORPH$bORPH$cKTS1_C3$d2020-07-08$eKoopman$l0$oKTS1 C3.05 03K20$p20140453$r2021-01-12 00:00:00$w2021-01-12$yBOO
=999  \\$d682

