=LDR  01607    a2200265   4500
=001  683
=008  230413s\\\\\\\\|||a||||\||||\00|\0\fre\d
=041  \\$afre
=100  1\$aLe Petit, Jean François$d1546-1615$4aut$1http://www.wikidata.org/entity/Q108762441$95406
=245  \\$aLa Grande chronique ancienne et moderne de Hollande, Zelande, Westfrise, Frise, Overijssel & Groeningen, jusques à la fin de l'an$nvol. 1
=260  \\$aDordrecht$bCanin$c1601
=300  \\$a[xxii]-650-[2]-240-[18] pages$bengraved title page, illustrations, red edges, brown leather binding
=500  \\$aChronicle and genealogy of the counts of Holland and their families by the French historian and poet Jean-François Le Petit (1546-1614). The first volume is, in greater part, a translation of the Divisie-Kroniek by Cornelius Aurelius.
=648  \0$1http://www.wikidata.org/entity/Q7016$a17th Century (1601-1700)$920923
=650  \0$aHistory$1http://www.wikidata.org/entity/Q309$921403
=651  \0$1http://www.wikidata.org/entity/Q55$aNetherlands$9173
=653  \0$adwarsfluit$3tp$020140455$w03K21$931340
=653  \0$apommer$3tp$020140455$w03K21$936064
=653  \0$aharp$3tp$020140455$w03K21$932582
=653  \0$aluit$3tp$020140455$w03K21$934262
=653  \0$aslagwerk$3tp$020140455$w03K21$939152
=856  \\$uhttps://books.google.be/books?id=k0FDAAAAcAAJ&printsec=frontcover#v=onepage&q&f=false$3Google Books
=942  \\$cBOO
=952  \\$00$10$2ddc$40$6KTS_1_000000000000000_C3_05_03K21$70$8RAR$9683$aORPH$bORPH$cKTS1_C3$d2020-07-08$eKoopman$l0$oKTS1 C3.05 03K21$p20140455$r2021-01-12 00:00:00$w2021-01-12$yBOO
=999  \\$d683

