=LDR  03849aam a2200721   4500
=001  684
=005  20251027154445.0
=008  220302s1834\\\\|||a||||\||||\00|\0\eng\d
=041  \\$aeng
=100  \\$aKnight, Charles$4aut$95407
=245  \\$aThe Penny Magazine of the Society for the Diffusion of Useful Knowledge$nvol. 3
=260  \\$aLondon$bKnight$c1834
=300  \\$a[iv]-511-[1] pages$billustrations
=500  \\$a'The Penny Magazine' was an illustrated magazine for the working class, published from 1832 to 1845
=500  \\$aComplete collection of publications from 1834
=504  \\$aContains an index
=648  \0$a19th Century (1801-1900)$1http://www.wikidata.org/entity/Q6955$920935
=650  \0$aCuckoo$1http://www.wikidata.org/entity/Q18845$922474
=650  \0$aPeriodical$1http://www.wikidata.org/entity/Q1002697$921106
=651  \0$aUnited Kingdom$1http://www.wikidata.org/entity/Q21$9273
=653  \0$aakoestiek$3295$020140456$w03K22$928552
=653  \0$aAmsterdam$3316-318$020140456$w03K22$928668
=653  \0$abibliotheek$3423, 424$020140456$w03K22$929548
=653  \0$aboekprijs$3tp$020140456$w03K22$929701
=653  \0$abeiaard etc.$3404-406$020140456$w03K22$929381
=653  \0$aBurney, C.$382, 83, 386$020140456$w03K22$930058
=653  \0$amuziek in eredienst$3156, 165, 166$020140456$w03K22$935012
=653  \0$aChaucer$383$020140456$w03K22$930415
=653  \0$amuziekautomaten$3171, 172$020140456$w03K22$935067
=653  \0$aorgel (Engeland)$3129, 213, 294, 296, 436, 437$020140456$w03K22$935468
=653  \0$aoude muziek vroeger$383, 84, 98, 99, 111$020140456$w03K22$935658
=653  \0$aDowland, J.$398$020140456$w03K22$931188
=653  \0$aentréeprijs$3167$020140456$w03K22$931492
=653  \0$agoût$3111, 112$020140456$w03K22$932303
=653  \0$aHändel, G.F._na dood$3111, 155, 294, 295$020140456$w03K22$932543
=653  \0$aharp$3171, 172$020140456$w03K22$932582
=653  \0$aHaydn, J.$3156$020140456$w03K22$932639
=653  \0$ahobo$3288$020140456$w03K22$932805
=653  \0$aviolone$3253$020140456$w03K22$937600
=653  \0$aItaliaanse invloed in Engeland$3111$020140456$w03K22$933143
=653  \0$aklokken$3187, 188, 195-197, 220-220, 399$020140456$w03K22$933627
=653  \0$akoffie$3228$020140456$w03K22$933661
=653  \0$akoor/orkestbezetting$3155, 294, 295$020140456$w03K22$933678
=653  \0$akoor/orkestopstelling$3294, 296$020140456$w03K22$933679
=653  \0$aRotterdam$3332-335$020140456$w03K22$938588
=653  \0$aLawes, H.$399$020140456$w03K22$933947
=653  \0$alezen$3481$020140456$w03K22$934082
=653  \0$aShakespeare$398$020140456$w03K22$939086
=653  \0$aslagwerk$3253$020140456$w03K22$939152
=653  \0$aslaven$3243, 244$020140456$w03K22$939155
=653  \\$aArne, Thomas$3288, 294$94749$020140456$w03K22
=653  \\$aHogarth$3121-128, 168, 209-216, 249-256, 287, 288, 329-330, 377-364, 401-401, 481, 482$932845$020140456$w03K22
=653  \\$ahomeopathie (1834)$3115$932874$020140456$w03K22
=653  \\$ahuismuziek$382, 84, 98$932981$020140456$w03K22
=653  \\$amuziek_algemeen$382-84, 98, 99, 110-112, 155, 156, 170-172, 188, 190$935036$020140456$w03K22
=653  \\$aopium$3397-399$935445$020140456$w03K22
=653  \\$aorgel_Bavo Haarlem$3385, 386$935494$020140456$w03K22
=653  \\$apolsslag$363$936058$020140456$w03K22
=653  \\$astraatmuzikanten$399, 170, 171, 253, 288$936613$020140456$w03K22
=856  \\$uhttps://archive.org/stream/ThePennyMagazineOfTheSocietyForTheDiffusionOfUsefulKnowledge/ThePennyMagazineOfTheSocietyForTheDiffusionOfUsefulKnowledge1834$3Internet Archive
=942  \\$cPER
=952  \\$00$10$2ddc$40$6KTS_1_000000000000000_C3_05_03K22$70$8RAR$9684$aORPH$bORPH$cKTS1_C3$d2020-07-08$eKoopman$oKTS1 C3.05 03K22$p20140456$r2021-01-12 00:00:00$w2021-01-12$yPER
=999  \\$d684

