=LDR  14930aam a2202581   4500
=001  686
=008  220819s1746\\\\|||ga|||\||||\00|\0\ger\d
=041  \\$ager
=100  \\$aSpieß, Meinrad$d1683-1761$4aut$1http://www.wikidata.org/entity/Q1918163$95409
=240  \\$aop. 8
=245  \\$aTractatus musicus compositorio-practicus
=260  \\$aAugsburg$bLotter$c1746
=300  \\$a[ix]-220-[4]-11 pages$bengraved frontispiece, title page in red and black ink, music examples
=500  \\$aMeinrad Spieß, actually Matthäus Spieß (1683-1761) was a German Benedictine monk and composer.
=500  \\$aRISM B VI, 2, S. 802
=534  \\$aOriginally published in 1745
=561  \\$aEx libris "Imp. Monrii Neresheim" (manuscript) & M. L. H. C. (plate)
=590  \\$adas ist, Musicalischer Tractat, in welchem alle gute und sichere Fundamenta zur Musicalischen Composition aus denen alt- und neuesten besten Autoribus herausgezogen, zusammen getragen, gegen einander gehalten, erkläret, und mit untersetzten Exemplen dermassen klar und deutlich erläutert werden, daß ein zur Musique geartetes, und der edlen Musicalischen Composition begieriges Subjectum oder angehender Componist alles zur Praxin gehöriges finden, leichtlich, und ohne mündliche Instruction begreiffen, erlernen und selbst mit volkommenem Vergnügen zur würklichen Ausübung schreiten könne, und därffe. Samt einem Anhang In welchem fast alle, sowohl in diesem Werck, als auch in andern Musicalischen Schrifften in Griechisch- Lateinisch- Welsch- Frantzösisch- und Teutscher Sprach gebräuchliche Kunst- und andere gewöhnlich- vorkommende Wörter nach Ordnung des Alphabets gesetzt, und erkläret werden. Herausgegeben von R. P. Meinrado Spiess, Des ohnmittelbahren Freyen Reichs-Stüffts, und Gotteshauses U. L. F. in Yrrsee O. S. P. Benedicti Profess, Capitularn, und Sub-Priorn, Auch der Löbl. correspondirenden Societaet Musicalischer Wissenschafften in Teutschland Mitglied. Opus VIII.
=648  \0$a18th Century (1701-1800)$1http://www.wikidata.org/entity/Q7015$920899
=650  \0$aMethod$1http://www.wikidata.org/entity/Q2250960$921402
=650  \0$aComposing$1http://www.wikidata.org/entity/Q92186587$93076
=651  \0$aGermany$1http://www.wikidata.org/entity/Q183$9155
=653  \0$a??$3titelportret, 154, 220$020140458$w03K24$928331
=653  \0$aa =$316, 162$020140458$w03K24$928388
=653  \0$aa capella$3161$020140458$w03K24$928392
=653  \0$aa capella$3Anhang 2$020140458$w03K24$928392
=653  \0$aacciacatura$3157-160$020140458$w03K24$928449
=653  \0$aacciacatura$3Anhang 3$020140458$w03K24$928449
=653  \0$aademhalen$3131$020140458$w03K24$928491
=653  \0$aafwisseling$3134 (sic), 182, 217$020140458$w03K24$928514
=653  \0$aangloise$3Anhang 2$020140458$w03K24$928701
=653  \0$aarpeggio$3Anhang 2$020140458$w03K24$928797
=653  \0$aartikulatie$3Anhang 8$020140458$w03K24$928817
=653  \0$aBach, J.S.$32, 163?, 167?, 168?$020140458$w03K24$928929
=653  \0$ablokfluit$3154, 220$020140458$w03K24$929645
=653  \0$abasso continuo$3213$020140458$w03K24$929163
=653  \0$abasso continuo$3Anhang 1, 9$020140458$w03K24$929163
=653  \0$aboekkritiek$3XXX$020140458$w03K24$929698
=653  \0$abeiaard$316, 17$020140458$w03K24$929377
=653  \0$aBononcini, G.M.$321, 83, 94, 95, 108$020140458$w03K24$929760
=653  \0$aBrossard$3167$020140458$w03K24$929959
=653  \0$acadens$395$020140458$w03K24$930106
=653  \0$acadens$3Anhang 6$020140458$w03K24$930106
=653  \0$aCaldara$3161$020140458$w03K24$930129
=653  \0$aCalvisius, S.$321$020140458$w03K24$930145
=653  \0$acantate$3Anhang 3$020140458$w03K24$930188
=653  \0$acello$3154?, 220?$020140458$w03K24$930344
=653  \0$acello$3Anhang 2?, 12$020140458$w03K24$930344
=653  \0$amuziek = $31, 2, 3, 220$020140458$w03K24$934994
=653  \0$amuziek in eredienst$3219, 220$020140458$w03K24$935012
=653  \0$amuziek in klooster$3216$020140458$w03K24$935015
=653  \0$aNeidhardt, J.G.$3XX, 21$020140458$w03K24$935196
=653  \0$acon discretione$3Anhang 6$020140458$w03K24$930648
=653  \0$acontrapunt$32$020140458$w03K24$930699
=653  \0$acoulé$3Anhang 3$020140458$w03K24$930780
=653  \0$adansen$3162$020140458$w03K24$930928
=653  \0$aoud-nieuw$3182, 218, 219$020140458$w03K24$935651
=653  \0$adiminuties$3135, 156, 157, 159$020140458$w03K24$931087
=653  \0$adiminuties$3Anhang 4, 5, 10$020140458$w03K24$931087
=653  \0$adirigent$372$020140458$w03K24$931092
=653  \0$adirigent$3Anhang 3, 5, 10$020140458$w03K24$931092
=653  \0$apartituur$3Anhang 6$020140458$w03K24$935777
=653  \0$apassacaglia$3Anhang 6$020140458$w03K24$935786
=653  \0$adouble$3Anhang 4$020140458$w03K24$931169
=653  \0$adraailier$3216$020140458$w03K24$931190
=653  \0$adraailier$3Anhang 5$020140458$w03K24$931190
=653  \0$adrukfouten (# en vergeten #)$3197, 198, 199, 200$020140458$w03K24$931223
=653  \0$adubbelslag$3156, 159$020140458$w03K24$931248
=653  \0$aDuitse muziek$3216$020140458$w03K24$931280
=653  \0$adwarsfluit$3154, 221$020140458$w03K24$931340
=653  \0$adynamiek$3154, 212$020140458$w03K24$931346
=653  \0$adynamiek$3Anhang 5, 6, 8, 9, 10$020140458$w03K24$931346
=653  \0$apolonaise$3Anhang 7$020140458$w03K24$936057
=653  \0$aemoties$3XX, XX 2, 1, 2, 113, 130, 131, 133, 163, 167, 168, 179, 182, 202, 214, 215, 219$020140458$w03K24$931445
=653  \0$aemoties$3Anhang 1, 5, 8$020140458$w03K24$931445
=653  \0$aport de voix$3155$020140458$w03K24$936088
=653  \0$aport de voix$3Anhang 1$020140458$w03K24$936088
=653  \0$aEuler, L.$3XX, 21$020140458$w03K24$931549
=653  \0$afagot$3titelportret, 154, 220$020140458$w03K24$931585
=653  \0$afalset$3Anhang 4$020140458$w03K24$931595
=653  \0$afalso bordone$388$020140458$w03K24$931599
=653  \0$afantasie$3Anhang 4$020140458$w03K24$931605
=653  \0$apubliek$3131, 182, 216, 217$020140458$w03K24$936257
=653  \0$aquodlibet$3Anhang 7$020140458$w03K24$936317
=653  \0$aflageolet$3Anhang 4$020140458$w03K24$931739
=653  \0$asordine$3Anhang 8$020140458$w03K24$936367
=653  \0$aSpiess, M.$3titelportret$020140458$w03K24$936425
=653  \0$aSpiess, M.$3Anhang 12$020140458$w03K24$936425
=653  \0$astaccato$3Anhang 8$020140458$w03K24$936473
=653  \0$astemmutatie$3Anhang 5$020140458$w03K24$936560
=653  \0$afrans - italiaans - duits$3216$020140458$w03K24$931872
=653  \0$aFranse invloed in Duitsland$3216$020140458$w03K24$931878
=653  \0$afuga$3135-154$020140458$w03K24$931941
=653  \0$aFux, J.J.$3XX, 21, 41, 63, 215$020140458$w03K24$931956
=653  \0$agagliarda$3Anhang 4$020140458$w03K24$931973
=653  \0$atabulatuur$3Anhang 9$020140458$w03K24$936719
=653  \0$agamba$31$020140458$w03K24$931995
=653  \0$atasto solo$3Anhang 9$020140458$w03K24$936760
=653  \0$atekst$3131, 132, 133, 163, 164-166, 181, 217, 219$020140458$w03K24$936775
=653  \0$atekstuitspraak$3219$020140458$w03K24$936786
=653  \0$atekstuitspraak$3Anhang 10$020140458$w03K24$936786
=653  \0$aTelemann, G.P.$3161, 302$020140458$w03K24$936796
=653  \0$atemperatuur$3XX, 5, 6, 11, 17$020140458$w03K24$936807
=653  \0$atemperatuur$3Anhang 3, 9$020140458$w03K24$936807
=653  \0$atempo$371, 72, 161, Anhang 2, 4, 5, 6, 9, 10$020140458$w03K24$936814
=653  \0$agitaar$3Anhang 4$020140458$w03K24$932207
=653  \0$aglasharmonica$3Anhang 10$020140458$w03K24$932219
=653  \0$atoccata$3Anhang 10$020140458$w03K24$936961
=653  \0$atoevoegen van trillers etc$3131$020140458$w03K24$936988
=653  \0$atoonaardkarakteristieken$342-66$020140458$w03K24$937026
=653  \0$agout$3134, 187, 215, 216, 217$020140458$w03K24$932301
=653  \0$agrand tour$3216$020140458$w03K24$932327
=653  \0$atrillers etc$3156-160$020140458$w03K24$937145
=653  \0$atrillers etc$3Anhang 10, 11$020140458$w03K24$937145
=653  \0$atritonus$368, 89, 190$020140458$w03K24$937178
=653  \0$atrompet$3titelportret, 1, 135, 154, 220$020140458$w03K24$937194
=653  \0$atrompet$3Anhang 1?$020140458$w03K24$937194
=653  \0$aharp$3titelportret, XX, 1, 154, 220$020140458$w03K24$932582
=653  \0$aharp$3Anhang 2, 8$020140458$w03K24$932582
=653  \0$avariaties$3156$020140458$w03K24$937353
=653  \0$avariaties$3Anhang 4$020140458$w03K24$937353
=653  \0$aHeinichen, J.D.$3XX, 2, 6, 34, 35, 36, 66, 86, 133, 157, 160, 163$020140458$w03K24$932676
=653  \0$avibrato$3Anhang 10$020140458$w03K24$937531
=653  \0$ahobo$3titelportret, 1, 154, 220$020140458$w03K24$932805
=653  \0$ahoboriet$3titelportret, 154, 220$020140458$w03K24$932814
=653  \0$aviolone$3Anhang 2 (?), 12$020140458$w03K24$937600
=653  \0$aviool$3titelportret, 154, 220$020140458$w03K24$937605
=653  \0$aviool$3Anhang 8$020140458$w03K24$937605
=653  \0$avolume$3219$020140458$w03K24$937724
=653  \0$aitaliaanse invloed in Duitsland$3216$020140458$w03K24$933140
=653  \0$avrijheid in recitatief$3163$020140458$w03K24$937808
=653  \0$aWalther, J.G.$3XXX 2$020140458$w03K24$937860
=653  \0$ajongenssopraan$3219$020140458$w03K24$933241
=653  \0$aWerckmeister$363$020140458$w03K24$937928
=653  \0$akerkmuziek en dans$3133, 161$020140458$w03K24$933372
=653  \0$akerktoonsoorten$334-66, 66-71$020140458$w03K24$933376
=653  \0$aKircher, A.$34, 21, 107$020140458$w03K24$933414
=653  \0$azink$3154, 220$020140458$w03K24$938157
=653  \0$azuiverheid$3Anhang 10$020140458$w03K24$938176
=653  \0$arebec$3Anhang 8$020140458$w03K24$938270
=653  \0$arecitatief$3131, 163, 164, 167, 168, 211, 212$020140458$w03K24$938285
=653  \0$aretorica$3155-160$020140458$w03K24$938388
=653  \0$aretorica$3Anhang 2$020140458$w03K24$938388
=653  \0$aribattuta$3156, 159$020140458$w03K24$938407
=653  \0$aribattuta$3Anhang 8$020140458$w03K24$938407
=653  \0$aricercare$3Anhang 8$020140458$w03K24$938423
=653  \0$aRichter, F.X.$3204, 205$020140458$w03K24$938430
=653  \0$akoortoon / kamertoon$3162$020140458$w03K24$933687
=653  \0$akwaliteit van uitvoering$3219$020140458$w03K24$933816
=653  \0$akwint/oktaafparallellen$323, 24, 26, 218$020140458$w03K24$933824
=653  \0$aLasso, O. di $348$020140458$w03K24$933916
=653  \0$asalaris$3XXX$020140458$w03K24$938697
=653  \0$alengte van appoggiatura$3Anhang 1$020140458$w03K24$934038
=653  \0$aScarlatti, A.$3163$020140458$w03K24$938789
=653  \0$aScheibe, J.A.$3XX$020140458$w03K24$938814
=653  \0$aluit$3titelportret, 1, 154, 220$020140458$w03K24$934262
=653  \0$aluit$3Anhang 8$020140458$w03K24$934262
=653  \0$amadrigaal$3162$020140458$w03K24$934349
=653  \0$asinfonia$3113$020140458$w03K24$939135
=653  \0$aslagwerk$3titelportret, 1, 154, 220$020140458$w03K24$939152
=653  \0$aMattheson, J.$3XX, 17, 34, 35, 66, 86, 108, 162, 164$020140458$w03K24$934535
=653  \0$aMizler, M.L.$3XX, XXX, 17, 21, 24, 35, 63, 64, 179, 215, 218$020140458$w03K24$934786
=653  \0$amonochord$32, 9, 11-17, 19, 21$020140458$w03K24$934823
=653  \0$amordent$3157$020140458$w03K24$934868
=653  \0$aMurschhauser, F.X.A.$3XX$020140458$w03K24$934961
=653  \\$aaccentus$3155$928448$020140458$w03K24
=653  \\$aAuffschnaiter$3161$928865$020140458$w03K24
=653  \\$abaryton$3Anhang 2$929127$020140458$w03K24
=653  \\$aBernabei, J.E.$3217$929453$020140458$w03K24
=653  \\$abizzarria$3Anhang 2$929596$020140458$w03K24
=653  \\$aburlesco$3Anhang 3$930042$020140458$w03K24
=653  \\$aButtstedt, J.H.$3XX, 39, 71$930080$020140458$w03K24
=653  \\$aC en Cdoorgestreept [maatsoorten]$372$930093$020140458$w03K24
=653  \\$achaconne$3Anhang 6$930385$020140458$w03K24
=653  \\$achiavetti$3Anhang 2$930434$020140458$w03K24
=653  \\$acirculo$3156, 159$930488$020140458$w03K24
=653  \\$acomponimenti$3Anhang 3$930629$020140458$w03K24
=653  \\$adoedelzak$3216$931125$020140458$w03K24
=653  \\$aGasparini$3157$932014$020140458$w03K24
=653  \\$agesticuleren etc. $3Anhang 10$932161$020140458$w03K24
=653  \\$agoede / slechte tellen in maat$372, 82$932250$020140458$w03K24
=653  \\$agrote terts in mineur stuk$3129, 178$932435$020140458$w03K24
=653  \\$agruppo$3156, 159$932442$020140458$w03K24
=653  \\$ahardiment$3Anhang 5$932562$020140458$w03K24
=653  \\$ahemiool$3Anhang 5$932700$020140458$w03K24
=653  \\$ahoorn$3titelportret, 1, 154, 220$932928$020140458$w03K24
=653  \\$ahoorn$3Anhang 3$932928$020140458$w03K24
=653  \\$ainspiratie$3133$933083$020140458$w03K24
=653  \\$aintermezzo$3Anhang 5$933098$020140458$w03K24
=653  \\$ainterpunctie$3131, 132$933108$020140458$w03K24
=653  \\$aintrada$3Anhang 5$020140458$w03K24$933114
=653  \\$aklavecimbel_Duitsland 18e eeuw$3Anhang 8$933479$020140458$w03K24
=653  \\$aklavichord_Duitsland 18e eeuw$3Anhang 5$933573$020140458$w03K24
=653  \\$akoor/orkestbezetting$3Anhang 3, 12$933678$020140458$w03K24
=653  \\$aliregare$3Anhang 5$934146$020140458$w03K24
=653  \\$amee-resoneren$3Anhang 8$934584$020140458$w03K24
=653  \\$amelodie$3113$934633$020140458$w03K24
=653  \\$aorigineel$3182$935607$020140458$w03K24
=653  \\$aOttobeuren$3opdracht, dedicatio X$935647$020140458$w03K24
=653  \\$apizzicato$3Anhang 7$936007$020140458$w03K24
=653  \\$aPrintz, J.C.$3167$936211$020140458$w03K24
=653  \\$arubato$3163$938615$020140458$w03K24
=653  \\$arubato$3Anhang 1$938615$020140458$w03K24
=653  \\$asolmisatie$3XX, XX 2, 13, 29$936344$020140458$w03K24
=653  \\$asolmisatie$3Anhang 3, 8$936344$020140458$w03K24
=653  \\$asordun$3Anhang 8$936374$020140458$w03K24
=653  \\$astylus phantasticus$3162, 163, Anhang 2, Anhang 3$936665$020140458$w03K24
=653  \\$ataille$3Anhang 9$936727$020140458$w03K24
=653  \\$atenoriserende cadens$394-97$936846$020140458$w03K24
=653  \\$averillon$3Anhang 10$937413$020140458$w03K24
=653  \\$aVogt, M.$3vorrede, 21$937704$020140458$w03K24
=653  \\$avoorhouding - oplossing$390-93, 203, 210, 211, 212, 213$937743$020140458$w03K24
=653  \\$azangtechniek$3Anhang 10$938110$020140458$w03K24
=856  \\$uhttps://www.digitale-sammlungen.de/de/view/bsb10622104?page=2$3Bavarian State Library
=856  \\$uhttps://api.digitale-sammlungen.de/iiif/presentation/v2/bsb10622104/manifest$3IIIF manifest
=942  \\$cBOO
=952  \\$00$10$2ddc$40$6KTS_1_000000000000000_C3_05_03K24$70$8RAR$9686$aORPH$bORPH$cKTS1_C1$d2020-07-08$eKoopman$oKTS1 C3.05 03K24$p20140458$r2021-01-12 00:00:00$w2021-01-12$yBOO
=999  \\$d686

