=LDR  02251aam a2200337   4500
=001  688
=005  20251003085455.0
=008  210323i18671880\\\|||||\||||\00|\mdmul\d
=041  \\$adut$afre
=100  \\$aHeim, Hendrik Jacob van der$d1824-1890$4aut$1http://www.wikidata.org/entity/Q2479931$95411
=245  \\$aHet archief van den raadpensionaris Antonie Heinsius
=260  \\$aThe Hague$bNijhoff$c1867$c1874$c1880
=300  \\$a3 volumes ([vi]-cv-240+lvii-176+lxxxvi-248 pages)$bfolded page
=336  \\$aprinted
=500  \\$aHendrik Jacob van der Heim (Middelburg, 19 January 1824 - Florence (Italy), 13 February 1890) was a Dutch nobleman and conservative minister of finance in the Heemskerk-Van Lynden van Sandenburg cabinet.
=500  \\$aCollection of surviving correspondence (in Dutch and French) to and from Heinsius, as well as biographic and historical information.
=500  \\$aAnthonie Heinsius (23 November 1641, Delft – 3 August 1720, The Hague) was a Dutch statesman who served as Grand Pensionary of Holland from 1689 to his death in 1720.  In practice, the grand pensionary of Holland was the political leader of the entire Dutch Republic when there was no stadtholder at the centre of power. 
=561  \\$aEx Libris unidentified coat of arms (plate)
=648  \0$a17th Century (1601-1700)$1http://www.wikidata.org/entity/Q7016$920923
=648  \0$a18th Century (1701-1800)$1http://www.wikidata.org/entity/Q7015$920899
=650  \0$aCatalogue$1http://www.wikidata.org/entity/Q2352616$921484
=650  \0$aBiography$1http://www.wikidata.org/entity/Q36279$91927
=650  \0$aHistory$1http://www.wikidata.org/entity/Q309$921403
=650  \0$aPolitics$1http://www.wikidata.org/entity/Q7163$921826
=650  \0$aCorrespondence$1http://www.wikidata.org/entity/Q1784733$921392
=651  \0$aNetherlands$1http://www.wikidata.org/entity/Q55$9173
=700  \\$aHeinsius, Anthonie$d1641-1720$4col$1http://www.wikidata.org/entity/Q572597$95412
=856  \\$uhttps://books.google.be/books?id=eWo6AAAAcAAJ$3Google Books
=942  \\$cBOO
=952  \\$00$10$2ddc$40$6KTS_1_000000000000000_C1_55_04A11$70$8RAR$9688$aORPH$bORPH$cKTS1_C1$d2020-07-08$eKoopman$oKTS1 C1.55 04A11$p20137904$r2021-01-12 00:00:00$w2021-01-12$yBOO
=999  \\$d688

