=LDR  01895aam a2200265   4500
=001  696
=008  211203s1828\\\\|||af|||\||||\00|\p\eng\d
=041  \\$aeng
=245  \\$aThe Universal Songster, or Museum of Mirth$nvols. 1-3
=260  \\$aLondon$bJones & Co$c1828
=300  \\$a3 vols. (xvi-448+xvi-448+xvi-448 pages)$billustrations
=500  \\$aLyrics only, but with beautiful engraved illustrations
=590  \\$aForming the Most Complete, Extensive, and Valuable Collection of Ancient and Modern Songs in the English Language : with a Copious and Classified Index, which will, under its various heads, refer the reader to the following description of songs, viz. ancient, amatory, bacchanalian, comic (English), Dibdins' miscellaneous, duets, trios, glees, chorusses, Irish, Jews, masonic, military, naval, Scotch, sentimental, sporting, Welsh, Yorkshire, &c. Embellished with a humourous characteristic frontispiece, and twenty-nine wood-cuts, designed by George and Robert Cruikshank, and engraved by J. R. Marshall
=648  \0$a19th Century (1801-1900)$1http://www.wikidata.org/entity/Q6955$920935
=650  \0$aSong$1http://www.wikidata.org/entity/Q7366$94164
=650  \0$aPoetry$1http://www.wikidata.org/entity/Q482$93026
=650  \0$aIllustration$1http://www.wikidata.org/entity/Q178659$921171
=651  \0$aUnited Kingdom$1http://www.wikidata.org/entity/Q21$9273
=700  \\$4ill$aCruikshank, George$d1792-1878$1http://www.wikidata.org/entity/Q360466$95427
=700  \\$4ill$aCruikshank, Robert$d1789-1856$1http://www.wikidata.org/entity/Q6077009$95428
=700  \\$4egr$aMarshall, J. R.$923209
=856  \\$uhttps://books.google.be/books?id=hJxRAAAAcAAJ$3Google Books
=942  \\$cBOO
=952  \\$00$10$2ddc$40$6KTS_1_000000000000000_C1_55_04A19$70$8RAR$9696$aORPH$bORPH$cKTS1_C1$d2020-07-08$eKoopman$oKTS1 C1.55 04A19$p20137885$r2021-01-12 00:00:00$w2021-01-12$yBOO
=999  \\$d696

