=LDR  01533aam a2200265   4500
=001  697
=005  20250925143255.0
=008  211203k18941901||||||||\||||\00|\e\dut\d
=041  \\$adut
=100  \\$aDeyssel, Lodewijk van$d1864-1952$4aut$95429
=245  \\$aVerzamelde opstellen$nvols. 1, 2 & 6
=260  \\$aAmsterdam$bScheltema en Holkema$c1894-1901
=300  \\$a3 vols. (349+viii-395+332 pages)
=500  \\$a11-volume series completed in 1912
=561  \\$aEx libris J.A. van Zutphen (plate; vol.1) and D.W. Stibbe (stamp; vol. 6)
=648  \0$a19th Century (1801-1900)$1http://www.wikidata.org/entity/Q6955$920935
=648  \0$a20th Century (1901-2000)$1http://www.wikidata.org/entity/Q6927$920936
=650  \0$aLiterature$1http://www.wikidata.org/entity/Q8242$94439
=650  \0$aCrescendo$1http://www.wikidata.org/entity/Q2347888$922787
=651  \0$aNetherlands$1http://www.wikidata.org/entity/Q55$9173
=942  \\$cBOO
=952  \\$00$10$2ddc$3vol. 1$40$6KTS_1_000000000000000_C1_55_04A20_01$70$8RAR$9697$aORPH$bORPH$cKTS1_C1$d2020-07-08$eKoopman$oKTS1 C1.55 04A20_01$p20137886$r2021-01-12 00:00:00$w2021-01-12$yBOO
=952  \\$00$10$2ddc$3vol. 2$40$6KTS_1_000000000000000_C1_55_04A20_02$70$8RAR$921046$aORPH$bORPH$cKTS1_C1$d2020-07-08$eKoopman$oKTS1 C1.55 04A20_02$p20137915$r2021-12-03 00:00:00$w2021-01-12$yBOO
=952  \\$00$10$2ddc$3vol. 6$40$6KTS_1_000000000000000_C1_56_04A20_03$70$8RAR$921047$aORPH$bORPH$cKTS1_C1$d2020-07-08$eKoopman$oKTS1 C1.56 04A20_03$p20137916$r2021-12-03 00:00:00$w2021-01-12$yBOO
=999  \\$d697

