=LDR  09232    a2201717   4500
=001  698
=008  211102m17741776||||||||\||||\00|\i\ger\d
=041  \\$ager
=100  \\$aReichardt, Johann Friedrich$d1752-1814$4aut$1http://www.wikidata.org/entity/Q213742$95430
=245  \\$aBriefe eines aufmerksamen Reisenden die Musik betreffend 
=250  \\$a1st ed.
=260  \\$aFrankfurt$aLeipzig$bs.n.$c1774-76
=300  \\$a2 vols. ([vi]-184+134 pages)
=561  \\$aEx Libris Forber Library Northampton Mass. (Plate)
=590  \\$aan seine Freunde geschrieben
=648  \0$a18th Century (1701-1800)$1http://www.wikidata.org/entity/Q7015$920899
=650  \0$aMusic history$1http://www.wikidata.org/entity/Q846047$921373
=650  \0$aCorrespondence$1http://www.wikidata.org/entity/Q1784733$921392
=651  \0$aGermany$1http://www.wikidata.org/entity/Q183$9155
=653  \0$a\”original genie\" $3112-115, 118, 120, 121$020137547$w04B01_1$928341
=653  \0$a\”original genie\" $310$020137547$w04B01_2$928341
=653  \0$aademhalen$3114$020137547$w04B01_2$928491
=653  \0$aafwisseling$316$020137547$w04B01_1$928514
=653  \0$aAgricola$313, 15, 16, 20$020137547$w04B01_1$928531
=653  \0$aakoestiek$3116$020137547$w04B01_2$928552
=653  \0$aartikulatie$3166$020137547$w04B01_1$928817
=653  \0$aBach, C.P.E.$312, 13, 35, 79, 111-125$020137547$w04B01_1$928902
=653  \0$aBach, C.P.E.$37-22, 40, 121, 133$020137547$w04B01_2$928902
=653  \0$aBach, J.S.$379$020137547$w04B01_1$928929
=653  \0$aBach, J.S.$345$020137547$w04B01_2$928929
=653  \0$abezetting (voc.)$37, 8, 16, 41, 108$020137547$w04B01_1$929527
=653  \0$abezetting (voc.)$3119$020137547$w04B01_2$929527
=653  \0$aBinder$3121$020137547$w04B01_2$929580
=653  \0$aBononcini$342$020137547$w04B01_2$929756
=653  \0$aBenda$39, 41, 43, 79, 116, 161-171, 175$020137547$w04B01_1$929408
=653  \0$aBenda$345$020137547$w04B01_2$929408
=653  \0$aBurney, C.$34, 5, 13, 14, 64-83, 175-183$020137547$w04B01_1$930058
=653  \0$acadens$3171$020137547$w04B01_1$930106
=653  \0$acastraten$3177$020137547$w04B01_1$930282
=653  \0$acello$3177, 178$020137547$w04B01_1$930344
=653  \0$acello$350, 115$020137547$w04B01_2$930344
=653  \0$amuziek in eredienst$349, 50, 51, 52, 53$020137547$w04B01_1$935012
=653  \0$aNaumann$3116, 117, 120$020137547$w04B01_2$935158
=653  \0$aNeefe$3158$020137547$w04B01_1$935190
=653  \0$aNeefe$380$020137547$w04B01_2$935190
=653  \0$acomponeren$315-31, 58-63$020137547$w04B01_1$930621
=653  \0$acomponiste$3179$020137547$w04B01_1$930632
=653  \0$acompositieloon$3142$020137547$w04B01_1$930641
=653  \0$aconcerten$332$020137547$w04B01_1$930655
=653  \0$aconcerten$3104-108, 121$020137547$w04B01_2$930655
=653  \0$acontrabas$3128, 129$020137547$w04B01_2$930692
=653  \0$aorgelregistratie$3111$020137547$w04B01_2$935575
=653  \0$aoude muziek vroeger$375$020137547$w04B01_1$935658
=653  \0$adiminuties$3162, 165, 169, 171$020137547$w04B01_1$931087
=653  \0$adirigent$340$020137547$w04B01_1$931092
=653  \0$aDittersdorf$3167$020137547$w04B01_1$931118
=653  \0$aPergolesi$3126-138$020137547$w04B01_1$935854
=653  \0$aPergolesi$348$020137547$w04B01_2$935854
=653  \0$aDussek$3116$020137547$w04B01_1$931330
=653  \0$adynamiek$39, 10, 11, 170$020137547$w04B01_1$931346
=653  \0$adynamiek$335, 113, 114$020137547$w04B01_2$931346
=653  \0$aemoties$316, 17, 18, 43, 54, 83, 93, 95, 100, 132, 162, 167$020137547$w04B01_1$931445
=653  \0$aemoties$316, 21, 41, 48$020137547$w04B01_2$931445
=653  \0$afagot$3181, 182, 183$020137547$w04B01_1$931585
=653  \0$aprima vista$3114$020137547$w04B01_1$936203
=653  \0$aprima vista$3122, 133$020137547$w04B01_2$936203
=653  \0$apunktering$356$020137547$w04B01_1$936266
=653  \0$aQuantz, J.J.$375, 79, 178-181$020137547$w04B01_1$936296
=653  \0$afortepiano$392$020137547$w04B01_2$931832
=653  \0$astreektempo [streeksnelheid]$3162$020137547$w04B01_1$936625
=653  \0$aTelemann, G.P.$342, 43$020137547$w04B01_2$936796
=653  \0$agesticuleren etc.$392$020137547$w04B01_2$932160
=653  \0$atempo rubato$342$020137547$w04B01_1$936822
=653  \0$aGleim$380, 81$020137547$w04B01_1$932232
=653  \0$aGluck$379$020137547$w04B01_1$932235
=653  \0$agoût$311, 12, 25$020137547$w04B01_1$932303
=653  \0$aGraun$34, 5, 6, 7, 9, 11, 15-32, 53-63, 79, 112, 113$020137547$w04B01_1$932339
=653  \0$aGraun$314, 48, 77, 78, 111, 118$020137547$w04B01_2$932339
=653  \0$aHändel, G.F._na dood$320, 53, 57, 79, 82, 87-103$020137547$w04B01_1$932543
=653  \0$aHändel, G.F._na dood$344, 45, 46, 48, 118$020137547$w04B01_2$932543
=653  \0$aHasse, J.A.$35, 6, 7, 10, 11, 15-31, 55-57, 79$020137547$w04B01_1$932608
=653  \0$aHasse, J.A.$329, 48, 109, 116, 117, 118, 119$020137547$w04B01_2$932608
=653  \0$avertalen van oratorium$388-90$020137547$w04B01_1$937504
=653  \0$aHertel$380$020137547$w04B01_2$932741
=653  \0$aHiller$32, 44-46, 79, 145, 147, 153-160$020137547$w04B01_1$932778
=653  \0$aHiller$328-39, 79-93, 99-104$020137547$w04B01_2$932778
=653  \0$ahobo$3112, 113, 114$020137547$w04B01_2$932805
=653  \0$aHomilius$313, 20, 79$020137547$w04B01_1$932877
=653  \0$aHomilius$3109-111$020137547$w04B01_2$932877
=653  \0$aimprovisatie$315, 59, 60, 110$020137547$w04B01_2$933059
=653  \0$ainterpretatie vroeger$35, 33$020137547$w04B01_1$933102
=653  \0$aitaliaanse invloed in Duitsland$313$020137547$w04B01_1$933140
=653  \0$aitaliaanse invloed in Duitsland$3116, 117$020137547$w04B01_2$933140
=653  \0$ajicht$3161$020137547$w04B01_1$933217
=653  \0$aJomelli$311$020137547$w04B01_1$933231
=653  \0$aKeiser, R.$379$020137547$w04B01_1$933338
=653  \0$aKeiser, R.$314, 41, 42$020137547$w04B01_2$933338
=653  \0$awoorduitspraak$390, 91$020137547$w04B01_2$938053
=653  \0$aKirnberger$312$020137547$w04B01_1$933423
=653  \0$aKirnberger$318$020137547$w04B01_2$933423
=653  \0$azuiverheid$3178$020137547$w04B01_1$938176
=653  \0$azuiverheid$392, 93$020137547$w04B01_2$938176
=653  \0$aklavecimbelconcerti$3169$020137547$w04B01_1$933531
=653  \0$aklavecimbelconcerti$320, 78$020137547$w04B01_2$933531
=653  \0$aklavichord (Duitsland 18e eeuw)$317, 18$020137547$w04B01_2$933554
=653  \0$arepeteren$3105$020137547$w04B01_2$938377
=653  \0$aRolle$355-78$020137547$w04B01_2$938513
=653  \0$akwaliteit van uitvoering$39$020137547$w04B01_1$933816
=653  \0$akwaliteit van uitvoering$340, 105, 117, 118, 119, 120$020137547$w04B01_2$933816
=653  \0$aRousseau, J.J.$3159$020137547$w04B01_1$938595
=653  \0$asalaris$3141, 142$020137547$w04B01_1$938697
=653  \0$aLöhlein$379$020137547$w04B01_2$934185
=653  \0$aLolli$3167$020137547$w04B01_1$934191
=653  \0$amise-en-scène$35$020137547$w04B01_1$939272
=653  \0$aMarpurg$312$020137547$w04B01_1$934481
=653  \0$aMattheson, J.$342-44$020137547$w04B01_2$934535
=653  \\$aBach, C.P.E._interpretatie van werk van $3111-125$928904$020137547$w04B01_1
=653  \\$aBentinck$3116$929429$020137547$w04B01_1
=653  \\$aBesozzi$3111, 112, 113, 114$929490$020137547$w04B01_2
=653  \\$aBordoni, Faustina$322$921646$020137547$w04B01_1
=653  \\$aclavier = klavichord$319, 20$930532$020137547$w04B01_2
=653  \\$aDuport$3177, 178$931315$020137547$w04B01_1
=653  \\$aEichner$3181-183$931405$020137547$w04B01_1
=653  \\$aFasch$3104-109, 116$931619$020137547$w04B01_1
=653  \\$aFränzel$3167$931893$020137547$w04B01_1
=653  \\$aFrederik de Grote$316, 23, 170-172$910951$020137547$w04B01_1
=653  \\$aHolfelt$3127-129$932859$020137547$w04B01_2
=653  \\$aKrause$3159$933746$020137547$w04B01_1
=653  \\$aMara, H. La$37, 8, 16, 108, 178$934438$020137547$w04B01_1
=653  \\$anotatieproblemen$356$935285$020137547$w04B01_1
=653  \\$aPisendel$310, 23, 34, 40$935996$020137547$w04B01_1
=653  \\$aPorporino$39$936086$020137547$w04B01_1
=653  \\$aRichter$3115$938429$020137547$w04B01_1
=653  \\$aSchröter$379, 105$938968$020137547$w04B01_2
=653  \\$aSchüver$3117$939012$020137547$w04B01_2
=653  \\$aSchwanenberger$313$939017$020137547$w04B01_1
=653  \\$aSchwanenberger$347-50$939017$020137547$w04B01_2
=653  \\$aTrenschel$3121$937099$020137547$w04B01_2
=653  \\$aTromlitz$379$937188$020137547$w04B01_2
=653  \\$avrije fantasia$315, 16, 110$937803$020137547$w04B01_2
=653  \\$aWestphal$346, 5-$937943$020137547$w04B01_2
=653  \\$aWolf$3116, 135, 145, 156, 157$938034$020137547$w04B01_1
=856  \\$uhttps://imslp.org/wiki/Briefe_eines_aufmerksamen_Reisenden_die_Musik_betreffend_(Reichardt%2C_Johann_Friedrich)$3International Music Score Library Project
=942  \\$cBOO
=952  \\$00$10$2ddc$40$6KTS_1_000000000000000_C1_45_04B01$70$8RAR$9698$aORPH$bORPH$cKTS1_C1$d2020-07-08$eKoopman$oKTS1 C1.45 04B01$p20137547$r2021-01-12 00:00:00$w2021-01-12$yBOO
=999  \\$d698

