=LDR  02529    a2200265   4500
=001  700
=008  211102s1749\\\\\\\|||||\||||\00|\0\ger\d
=041  \\$ager
=100  \\$aSorge, Georg Andreas$d1703-1778$4aut$1http://www.wikidata.org/entity/Q88592$97274
=245  \\$aAusführliche und deutliche Anweisung zur Rational-Rechnung,$bund der damit verknüpften Ausmessung und Abtheilung des Monochords
=260  \\$aBad Lobenstein$bSorge$c1749
=300  \\$a[viii]-308-[4] pages
=336  \\$aprinted
=500  \\$a Sorge's membership in Lorenz Christoph Mizler's Correspondierender Societät der musicalischen Wissenschaften, to which he was admitted in 1747 as the fifteenth member after Johann Sebastian Bach, led to a number of disputes. The first of these was a dispute over a new tonal system introduced by Georg Philipp Telemann.
The initial cause was a dispute over a new tonal system of dividing the octave into 55 microintervals introduced by Georg Philipp Telemann. Since Telemann had only formulated the general conditions of his system, the Society, which was very involved in mathematical questions, insisted on receiving the exact mathematical calculation from the author. Since Telemann was unwilling to do so and was obviously neither aware of nor interested in such calculations, Sorge presented these mathematical definitions of Telemann's system in his writings after a dispute with the Societät member Christoph Gottlieb Schröter.


=501  \\$aGespräch zwischen einem Musico theoretico und einem Studioso musices
=504  \\$aMore information about Sorge and equal temperament see: https://www.academia.edu/5210832/18th_Century_Quotations_Relating_to_J.S._Bach_s_Temperament 
=648  \0$a18th Century (1701-1800)$1http://www.wikidata.org/entity/Q7015$920899
=650  \0$aTuning$1http://www.wikidata.org/entity/Q858576$921655
=651  \0$aGermany$1http://www.wikidata.org/entity/Q183$9155
=773  \\$0701$tGespräch zwischen einem Musico theoretico und einem Studioso musices$w701
=856  \\$uhttps://reader.digitale-sammlungen.de/de/fs1/object/display/bsb10599529_00005.html$3Bavarian State Library
=942  \\$cBOO
=952  \\$00$10$2ddc$40$6KTS_1_000000000000000_C1_45_04B04B$70$8RAR$9700$aORPH$bORPH$cKTS1_C1$d2020-07-08$eKoopman$i04B04b$oKTS1 C1.45 04B04b$r2021-01-12 00:00:00$w2021-01-12$yBOO
=952  \\$00$10$2ddc$40$6KTS_1_000000000000000_C1_45_04B04B$70$8RAR$923805$aORPH$bORPH$cKTS1_C1$d2020-07-08$eKoopman$i04B04b$l0$oKTS1 C1.45 04B04b$r2021-01-12 00:00:00$w2021-01-12$yBOO
=999  \\$d700

