=LDR  01341    a2200277   4500
=001  705
=008  211102s1824\\\\||||||||\||||\00|\0deng\d
=041  \\$aeng
=100  \\$aButler, Charles$d1750-1832$4aut$1http://www.wikidata.org/entity/Q2958645$95434
=245  \\$aReminiscenses of Charles Butler, Esq., of Lincoln's Inn.
=250  \\$a4th ed.
=260  \\$aNew York$bBliss & White$c1824
=300  \\$aviii-351 pages
=336  \\$aprinted
=500  \\$aCharles Butler was an English Roman Catholic lawyer and miscellaneous writer. 
=500  \\$aButler published Remininscenes between 1821 & 1827
=590  \\$aWith a letter to a Lady on Ancient and Modern Music. From the fourth London Edition.
=648  \0$a19th Century (1801-1900)$1http://www.wikidata.org/entity/Q6955$920935
=650  \0$aHistory$1http://www.wikidata.org/entity/Q309$921403
=650  \0$aBiography$1http://www.wikidata.org/entity/Q36279$91927
=651  \0$aUnited Kingdom$1http://www.wikidata.org/entity/Q21$9273
=651  \0$aFrance$1http://www.wikidata.org/entity/Q142$9131
=856  \\$uhttps://books.google.be/books?id=-eEXAAAAYAAJ$3Google Books
=942  \\$cBOO
=952  \\$00$10$2ddc$40$6KTS_1_000000000000000_C1_45_04B08$70$8RAR$9705$aORPH$bORPH$cKTS1_C1$d2020-07-08$eKoopman$i04B08$oKTS1 C1.45 04B08$p20137550$r2021-01-12 00:00:00$w2021-01-12$yBOO
=999  \\$d705

