=LDR  03550aam a2200697   4500
=001  711
=008  211103s1823\\\\|||g||||\||||\00|\0\ger\d
=041  \\$ager
=059  \\$aorg
=100  \\$aMüller, Wilhelm Adolph$d1793-1859$4aut$1http://www.wikidata.org/entity/Q20006754$95440
=245  \\$aDie Orgel, ihre Einrichtung und Beschaffenheit sowohl, als das zweckmaßige Spiel derselbe
=250  \\$a2nd ed.
=260  \\$aMeissen$bGödsche$c1823
=300  \\$axi-88-[4] pages$b5 folded sheets of music examples
=500  \\$aSee als 04B13b for the 3rd edition
=648  \0$a19th Century (1801-1900)$1http://www.wikidata.org/entity/Q6955$920935
=650  \0$aOrganology$1http://www.wikidata.org/entity/Q899293$921400
=650  \0$aMethod$1http://www.wikidata.org/entity/Q2250960$921402
=653  \0$aa =$344, 56$020137554$w04B13a$928388
=653  \0$aAlbrechtsberger$366$020137554$w04B13a$928569
=653  \0$aartikulatie$362, 70, 71$020137554$w04B13a$928817
=653  \0$aBach, J.S._na dood$365$020137554$w04B13a$928973
=653  \0$abasso continuo$374-80, 90$020137554$w04B13a$929163
=653  \0$aboekoplage$3ix$020137554$w04B13a$929699
=653  \0$aboekprijs$369, 89, 90, 91, 92$020137554$w04B13a$929701
=653  \0$aorgel$3wb$020137554$w04B13a$935465
=653  \0$aorgel in eredienst$363-74, 81, 82-einde$020137554$w04B13a$935479
=653  \0$aorgelpijpen$317-30$020137554$w04B13a$935566
=653  \0$aorgelregistratie$381-85, 90$020137554$w04B13a$935575
=653  \0$aorgelregistratie en bc$327$020137554$w04B13a$935577
=653  \0$aoud-nieuw$355, 56$020137554$w04B13a$935651
=653  \0$astemmen van orgelpijpen$343, 44, 45-47$020137554$w04B13a$936553
=653  \0$atasto solo$380$020137554$w04B13a$936760
=653  \0$atemperatuur$341, 42, 43$020137554$w04B13a$936807
=653  \0$atempo$369, 84, 85$020137554$w04B13a$936814
=653  \0$atoevoegen van trillers etc$368, 69$020137554$w04B13a$936988
=653  \0$atoucher$332, 39, 49, 50, 63$020137554$w04B13a$937044
=653  \0$aGüntersberg$389, 90$020137554$w04B13a$932486
=653  \0$aTürk$375$020137554$w04B13a$937226
=653  \0$atussenspelen en gemeentezang$371-74, 83-85, 89-einde$020137554$w04B13a$937250
=653  \0$aWeber, C.M. von$3opdracht$020137554$w04B13a$937882
=653  \0$awinddruk$38, 9, 10, 11, 48, 50$020137554$w04B13a$937993
=653  \0$azangeres in kerk$368, 69$020137554$w04B13a$938090
=653  \0$aKittel$366$020137554$w04B13a$933431
=653  \0$aKnecht$366$020137554$w04B13a$933639
=653  \0$aSchicht$354, 55, 69$020137554$w04B13a$938846
=653  \0$aMarpurg$342$020137554$w04B13a$934481
=653  \\$aBarthel$382$929108$020137554$w04B13a
=653  \\$abc is niet obligato orgelspel$374, 75$929268$020137554$w04B13a
=653  \\$aBintner$382$929581$020137554$w04B13a
=653  \\$aHäring$375$932571$020137554$w04B13a
=653  \\$aHochmuth$382$932815$020137554$w04B13a
=653  \\$aHofmeister, F.$3xi, xii (=vw eerste druk vii, viii), 74$932841$020137554$w04B13a
=653  \\$aintoneren van orgelpijp$340, 41$933113$020137554$w04B13a
=653  \\$aorgeldecoratie$361$935552$020137554$w04B13a
=653  \\$aorgelregistrant$370$935573$020137554$w04B13a
=653  \\$aSchneider$375, 82$938908$020137554$w04B13a
=653  \\$aVierling$366$937540$020137554$w04B13a
=942  \\$cBOO
=952  \\$00$10$2ddc$40$6KTS_1_000000000000000_C1_45_04B13A$70$8RAR$9711$aORPH$bORPH$cKTS1_C1$d2020-07-08$eKoopman$i04B13a$oKTS1 C1.45 04B13a$p20137554$r2021-01-12 00:00:00$w2021-01-12$yBOO
=999  \\$d711

