=LDR  05614aam a2201069   4500
=001  716
=008  211103s1787\\\\|||g||||\||||\00|\0\ger\d
=041  \\$ager
=059  \\$aorg
=100  \\$aTürk, Daniel Gottlob$d1750-1813$4aut$1http://www.wikidata.org/entity/Q216090$95445
=245  \\$aVon den wichtigsten Pflichten eines Organisten:$bEin Beytrag zur Verbesserung der musikalischen Liturgie
=250  \\$a1st ed.
=260  \\$aHalle$c1787
=300  \\$a240-[3] pages$bmusic examples
=561  \\$aEx libris Th. Gönge [?] (ms.)
=648  \0$a18th Century (1701-1800)$1http://www.wikidata.org/entity/Q7015$920899
=650  \0$aOrgan$1http://www.wikidata.org/entity/Q1444$92810
=650  \0$aLiturgy$1http://www.wikidata.org/entity/Q172331$92284
=650  \0$aMethod$1http://www.wikidata.org/entity/Q2250960$921402
=651  \0$aHalle (Saale, Germany)$1http://www.wikidata.org/entity/Q2814$921799
=653  \0$aa = ?$311, 136, 138$020137567$w04B27a$928389
=653  \0$aarpeggio op orgel$3160, 165$020137567$w04B27a$928800
=653  \0$aBach, C.P.E.$333, 141$020137567$w04B27a$928902
=653  \0$aBach, J.S.$315, 81, 129, 131, 163, 164, 236, 237, 238$020137567$w04B27a$928929
=653  \0$aBach, J.S.$32$020137567$w04B27b$928929
=653  \0$aBach, W.F.$32$020137567$w04B27b$928997
=653  \0$ablaasbalgen$3191$020137567$w04B27a$929597
=653  \0$abasso continuo$35, 31, 32, 33, 34, 35, 147-154, 162, 163, 164, 165, 167, 168, 169, 170$020137567$w04B27a$929163
=653  \0$aBenda, G.$3212$020137567$w04B27a$929413
=653  \0$acadens$3160, 161$020137567$w04B27a$930106
=653  \0$aNeidhardt$3200$020137567$w04B27a$935195
=653  \0$aorganist$3wb$020137567$w04B27a$935454
=653  \0$aorgel$3wb$020137567$w04B27a$935465
=653  \0$aorgel in kerkliturgie$3wb$020137567$w04B27a$935480
=653  \0$aorgelcontinuo$35, 31, 32, 33-35, 147-154$020137567$w04B27a$935550
=653  \0$aorgelcontinuo met pedaal$3148, 152, 154, 156, 157$020137567$w04B27a$935551
=653  \0$aorgelmetaal$3193$020137567$w04B27a$935557
=653  \0$aorgelregistratie$36, 7, 25, 26, 88, 87, 147-154$020137567$w04B27a$935575
=653  \0$adirigeren$3172, 173$020137567$w04B27a$931094
=653  \0$apauken$312$020137567$w04B27a$935803
=653  \0$apedaal$39, 92, 107, 152, 154, 156, 157, 158-160$020137567$w04B27a$935815
=653  \0$aemotie$328-30$020137567$w04B27a$931444
=653  \0$afalsettist$3171$020137567$w04B27a$931598
=653  \0$aQuantz$3143, 144$020137567$w04B27a$936294
=653  \0$afermate$312$020137567$w04B27b$931664
=653  \0$astemmen van instrumenten$3136, 137, 138$020137567$w04B27a$936548
=653  \0$astrijkers (orgelregister)$389$020137567$w04B27a$936633
=653  \0$aFritz, B.$3200$020137567$w04B27a$931926
=653  \0$atemperatuur$364, 65, 97, 174, 200, 201, 202$020137567$w04B27a$936807
=653  \0$atemperatuur$34$020137567$w04B27b$936807
=653  \0$atempo$383, 84, 85$020137567$w04B27a$936814
=653  \0$atempo$311$020137567$w04B27b$936814
=653  \0$atremulant$324, 89, 92, 94, 95, 119$020137567$w04B27a$937097
=653  \0$aHändel, G.F.$3131, 236$020137567$w04B27a$932536
=653  \0$aTürk, D.G.$3wb, 212$020137567$w04B27a$937228
=653  \0$aHaydn, J.$3212$020137567$w04B27a$932639
=653  \0$aHomilius$3128$020137567$w04B27a$932877
=653  \0$aHomilius$31, 2$020137567$w04B27b$932877
=653  \0$avogelzang$394, 95$020137567$w04B27a$937701
=653  \0$aWalther$3129$020137567$w04B27a$937858
=653  \0$ajongensalt$3171$020137567$w04B27a$933240
=653  \0$ajongenssopraan$3171$020137567$w04B27a$933241
=653  \0$azangers$38$020137567$w04B27a$938095
=653  \0$azuiverheid$38, 174, 199$020137567$w04B27a$938176
=653  \0$arecitatief$3162-165, 167, 168, 172, 173$020137567$w04B27a$938285
=653  \0$aregaal$3184$020137567$w04B27a$938302
=653  \0$aKuhnau$353, 54, 75$020137567$w04B27a$933781
=653  \0$arugwerk$3186$020137567$w04B27a$938635
=653  \0$aSilbermann$3201$020137567$w04B27a$939112
=653  \0$amajeur afsluiting in mineurstuk$362, 63, 64-69$020137567$w04B27a$934383
=653  \0$aMarpurg$3133, 200, 201$020137567$w04B27a$934481
=653  \0$aMattheson$3133$020137567$w04B27a$934534
=653  \\$abasso continuo_hoogte van bc partij$3150$929191$020137567$w04B27a
=653  \\$abasso continuo_unisono in oktaven$3148$929200$020137567$w04B27a
=653  \\$abc met meer of minder stemmen$3152, 153$929269$020137567$w04B27a
=653  \\$aCammerton$311, 136$930153$020137567$w04B27a
=653  \\$aChorton$311, 136$923404$020137567$w04B27a
=653  \\$acimbelstern$326, 89, 94, 95$930486$020137567$w04B27a
=653  \\$aKaufmann$3129$933323$020137567$w04B27a
=653  \\$aKirnberger$315, 33, 54, 200, 201$933423$020137567$w04B27a
=653  \\$aklavierkoppel$3210$933601$020137567$w04B27a
=653  \\$aOrgelregistrant$3151, 152$935574$020137567$w04B27a
=653  \\$aquintadeen$392$936306$020137567$w04B27a
=653  \\$aSpielereiregister op orgel$394, 95$936417$020137567$w04B27a
=653  \\$aspringlade$3191$936448$020137567$w04B27a
=653  \\$atoonschildering$319-28$937030$020137567$w04B27a
=653  \\$avoetzetting bij pedaal$3158-160$937692$020137567$w04B27a
=653  \\$avolle werk (?)$37$937718$020137567$w04B27a
=856  \\$uhttps://www.loc.gov/item/08017375/$3Library of Congress
=942  \\$cBOO
=952  \\$00$10$2ddc$40$6KTS_1_000000000000000_C1_45_04B27$70$8RAR$9716$aORPH$bORPH$cKTS1_C1$d2020-07-08$eKoopman$i04B27$oKTS1 C1.45 04B27$p20137567$r2021-01-12 00:00:00$w2021-01-12$yBOO
=999  \\$d716

