=LDR  01486aca a2200301   4500
=001  723
=008  211104s1846\\\\|||||l||\||||\00|\0\dut\d
=041  \\$adut
=059  \\$aorg
=100  \\$aMeijer, Siwert $d1817-1877$4cmp$95453
=245  \\$aEenvoudige voor-, tusschen- en naspelen, bij het koraal;$bten dienste van Schoolonderwijzers, die het Orgel moeten bedienen;
=260  \\$aGroningen$bWilkens$c1846c
=300  \\$a4-11 pages$boblong
=336  \\$aprinted
=500  \\$aS. Meijer, Organist bij de Waalsche gemeente te Groningen. 
=590  \\$aVoorspelen, benevens een paar wenken omtrent het orgelspel.
=648  \0$a19th Century (1801-1900)$1http://www.wikidata.org/entity/Q6955$920935
=650  \0$aInstrumental music$1http://www.wikidata.org/entity/Q639197$92106
=650  \0$aChorale$1http://www.wikidata.org/entity/Q724473$921334
=650  \0$aPrelude$1http://www.wikidata.org/entity/Q212148$921947
=650  \0$aInterlude$1http://www.wikidata.org/entity/Q1413319$924964
=650  \0$aPostlude$1http://www.wikidata.org/entity/Q2094385$924968
=650  \0$aOrgan music$1http://www.wikidata.org/entity/Q2003283$91951
=650  \0$aMethod$1http://www.wikidata.org/entity/Q2250960$921402
=651  \0$aNetherlands$1http://www.wikidata.org/entity/Q55$9173
=942  \\$cSCO
=952  \\$00$10$2ddc$40$6KTS_1_000000000000000_C1_46_04C04$70$8RAR$9723$aORPH$bORPH$cKTS1_C1$d2020-07-08$eKoopman$i04C04$oKTS1 C1.46 04C04$p20137621$r2021-01-12 00:00:00$w2021-01-12$ySCO
=999  \\$d723

