=LDR  04004aam a2200565   4500
=001  725
=005  20251031145629.0
=008  211104s1707\\\\|||fgda|\||||\00|\0\ger\d
=041  \\$ager
=059  \\$aorg
=100  \\$aSamber, Johann Baptist$d1654-1717$4aut$1http://www.wikidata.org/entity/Q38263774$95455
=245  \\$aContinuatio ad manuductionem organicam.$bDas ist: Fortsetzung zu der Manuduction oder Hand-Leitung zum Orgl-Schlagen
=250  \\$a1st ed.
=260  \\$aSalzburg$bMayr$c1707
=300  \\$a[viii]-95 pages$b15 plates, oblong, musical examples
=501  \\$aBound in with 'Elucidatio musicæ choralis'
=520  \\$aThe personality and work of the Austrian cathedral organist from the archdiocese of Salzburg, music theorist and court musician Johann Baptist Samber, have so far been little researched. His writings offer information on performance practice, organ music or organ building, basso continuo, counterpoint, musical rhetoric and solmisation. Samber, who describes himself as a pupil of Andreas Hofer and Georg Muffat, wrote three important works on composition: the 'Manuductio ad organum' (1704; see 04C06c), a 'Hand-Leitung zum Orgl-Schlagen', its sequel, the present 'Continuatio ad manuductionem organicam' (1707), and the 'Elucidatio musicæ choralis' (1710; this convolute). It is characteristic of the first two works that Samber's instrumental and compositional instruction is based almost exclusively on the basso continuo and the traditional voice leading rules. Significant are his careful and detailed descriptions and remarks on German fugue compositions of the late 17th century.
=561  \\$aEx Libris Alfred Cortot (plate) and Sambure (information provided by TK)
=590  \\$aWorinnen haubtsächlich vier hernachfolgende Unterweisungen begriffen seynd ... Allen Liebhabern der Edlen Musci-Kunst zu Gefallen und Nutzlicher Ergetzlichkeit ...
=648  \0$a18th Century (1701-1800)$1http://www.wikidata.org/entity/Q7015$920899
=650  \0$aMethod$1http://www.wikidata.org/entity/Q2250960$921402
=650  \0$aMusic theory$1http://www.wikidata.org/entity/Q193544$92662
=650  \0$aOrgan music$1http://www.wikidata.org/entity/Q2003283$91951
=650  \0$aChorale$1http://www.wikidata.org/entity/Q724473$921334
=650  \0$aPrelude$1http://www.wikidata.org/entity/Q212148$921947
=650  \0$aFugue$1http://www.wikidata.org/entity/Q181014$93142
=651  \0$aSalzburg (Austria)$1http://www.wikidata.org/entity/Q34713$921433
=653  \0$amuziek = $36$020137624$w04C06a$934994
=653  \0$adiminuties$351$020137624$w04C06a$931087
=653  \0$aemoties$36$020137624$w04C06a$931445
=653  \0$asolmisatie$318, 19-31, 31-49$020137624$w04C06a$936344
=653  \0$aGaffurio, F.$315$020137624$w04C06a$931965
=653  \0$atekstplaatsing$350-51$020137624$w04C06a$936783
=653  \0$atekstuitspraak$350-51$020137624$w04C06a$936786
=653  \0$atransponeren$387$020137624$w04C06a$937072
=653  \0$atritonus$348$020137624$w04C06a$937178
=653  \0$akerktoonsoorten$352-87$020137624$w04C06a$933376
=653  \0$aKircher, A.$33, 86$020137624$w04C06a$933414
=653  \\$aEgedacher, J.C.$3approbatio$931398$020137624$w04C06a
=653  \\$ahexachordmutatie$319-31, 34-49$932764$020137624$w04C06a
=653  \\$akopieerfouten$314$933690$020137624$w04C06a
=653  \\$aOrnithoparcus, A.$33$935620$020137624$w04C06a
=653  \\$aReinspeck, M.$33$938357$020137624$w04C06a
=653  \\$aScheyerer, B.$370$938844$020137624$w04C06a
=653  \\$aTevo, Z.$33$936879$020137624$w04C06a
=856  \\$uhttps://reader.digitale-sammlungen.de//resolve/display/bsb11048210.html$3Bavarian State Library
=856  \\$uhttps://books.google.ch/books?id=tQZTAAAAcAAJ&printsec=frontcover&hl=es#v=onepage&q&f=false
=942  \\$cBOO
=952  \\$00$10$2ddc$40$6KTS_1_000000000000000_C1_46_04C06A$70$8RAR$9725$aORPH$bORPH$cKTS1_C1$d2020-07-08$eKoopman$i04C06a$oKTS1 C1.46 04C06a$p20137624a$r2021-01-12 00:00:00$w2021-01-12$yBOO
=999  \\$d725

