=LDR  01353aas a2200265   4500
=001  728
=008  211104i18351841|||ff||j\||||\00|\0dfre\d
=041  \\$afre
=100  \\$aLandot, Eugène$4edt$95456
=245  \\$aLe Keepsake de la jeunesse : petit courrier des enfants
=260  \\$as.l.$bs.n.$c1841
=300  \\$a[ii]-[193] pages$bengraved frontispiece, 12 plates 
=500  \\$aa six-monthly Brussels periodical for young people that started in 1835, beautifully illustrated with lithographs
=500  \\$athe 12 inserted plates were made by H. Gérard (1835-1861), Brussels lithographer
=500  \\$aa keepsake is a present that one tends to give in souvenir
=648  \0$a19th Century (1801-1900)$1http://www.wikidata.org/entity/Q6955$920935
=650  \0$aEducation$926206
=650  \0$aLiterature$1http://www.wikidata.org/entity/Q8242$94439
=650  \0$aNovel$1http://www.wikidata.org/entity/Q8261$921629
=651  \0$aBrussels (Belgium)$1http://www.wikidata.org/entity/Q239$937
=700  \\$aCabaillot, Louis-Simon$d1810-1870$4ill$1http://www.wikidata.org/entity/Q21289417$95457
=700  \\$4egr$aGérard, H.$d1835-1861$922714
=942  \\$cPER
=952  \\$00$10$2ddc$40$6KTS_1_000000000000000_C1_46_04C07$70$8RAR$9728$aORPH$bORPH$cKTS1_C1$d2020-07-08$eKoopman$i04C07$oKTS1 C1.46 04C07$p20137625$r2021-01-12 00:00:00$w2021-01-12$yBOO
=999  \\$d728

