=LDR  02153aam a2200277   4500
=001  735
=005  20250925143255.0
=008  211108s1935\\\\\\\o||||\c|||\00|\0\ger\d
=041  \\$ager
=059  \\$ahpd
=100  \\$aNeupert, Hanns$d1902-1980$4aut$95478
=245  \\$aDas Cembalo:$bEine geschichtliche und technische Betrachtung der Kielinstrumente
=260  \\$aNuremberg$bNeupert$c1935
=300  \\$a24 pages$bloose leaflets
=500  \\$aAdvertisement booklet by the J.C. Neupert company
=500  \\$aContains loose leaflets advertising listing national critics on Neuperts cembalo models; as wel as early music editions by Peters
=520  \\$aHans Neupert studied technical physics and musicology in Munich and Erlangen. Subsequently practical training in piano making. In 1928 he joins the piano factory in Bamberg founded by his grandfather Johann Christoph Neupert, which has also been making new harpsichords since 1907, later also clavichords,  keel instruments and fortepianos, so that the company soon achieves a leading position on the German market. In accordance with this specialisation, the company is renamed 'Workshops for Historical Keyboard Instruments'. In 1968 he bequeathed the collection of historical instruments founded by his grandfather to the Germanisches Nationalmuseum in Nuremberg. Numerous publications on the history of the piano, including 'Vom Musikstab zum modernen Klavier' (1925, 4th ed. 1960), 'Das Cembalo' (1933, 4th ed. 1966) and 'Das Klavichord' (1942, 2nd ed. 1956).
=610  \4$aJ. C. Neupert (Bamberg, Germany)$927783
=648  \0$a20th Century (1901-2000)$1http://www.wikidata.org/entity/Q6927$920936
=650  \0$aOrganology$1http://www.wikidata.org/entity/Q899293$921400
=650  \0$aHarpsichord$1http://www.wikidata.org/entity/Q81982$92125
=650  \0$aMusic history$1http://www.wikidata.org/entity/Q846047$921373
=651  \0$aGermany$1http://www.wikidata.org/entity/Q183$9155
=942  \\$cBOO
=952  \\$00$10$2ddc$40$6KTS_1_000000000000000_C1_46_04C18$70$8RAR$9735$aORPH$bORPH$cKTS1_C1$d2020-07-08$eKoopman$i04C18$oKTS1 C1.46 04C18$p20137636$r2021-01-12 00:00:00$w2021-01-12$yBOO
=999  \\$d735

