=LDR  01134aam a2200241   4500
=001  737
=008  210309s1565\\\\\\\a||||\||||\00|\0\ita\d
=041  \\$aita
=100  \\$aGuicciardini, Lodovico$d1521-1589$4aut$1http://www.wikidata.org/entity/Q940660$920914
=245  \\$aDetti et fatti piacevoli et gravi di diversi principi filosofi et cortigiani
=250  \\$a1st ed.
=260  \\$aVenice$bNicolini$c1565
=300  \\$a[xlvi]-139 pages$billustrations
=561  \\$aex libris Johannes [illegible] (manuscript)
=590  \\$aRaccolti dal giucciardini et redotti a moralita.
=648  \0$a16th Century (1501-1600)$1http://www.wikidata.org/entity/Q7017$920944
=650  \0$aHistory$1http://www.wikidata.org/entity/Q309$921403
=650  \0$aPhilosophy$1http://www.wikidata.org/entity/Q5891$92357
=651  \0$aItaly$1http://www.wikidata.org/entity/Q38$922
=856  \\$uhttps://books.google.be/books?id=H2GPkraYrLgC$3Google Books
=942  \\$cBOO
=952  \\$00$10$2ddc$40$6KTS_1_000000000000000_C1_46_04C20$70$8RAR$9737$aORPH$bORPH$cKTS1_C1$d2020-07-08$eKoopman$oKTS1 C1.46 04C20$p20137649$r2021-01-12 00:00:00$w2021-01-12$yBOO
=999  \\$d737

