=LDR  02236    a2200397   4500
=001  738
=008  211108s1882\\\\\\\a||||\||||\00|\0b\\\\d
=041  \\$afre
=100  \\$aGoncourt, Edmond de$d1822-1896$4aut$1http://www.wikidata.org/entity/Q1249210$95481
=245  \\$aLa Saint-Huberty, $bD'Après sa correspondance et ses papiers de famille
=250  \\$a1st ed.
=260  \\$aParis$bDentu$c1882
=300  \\$a258 pages$billustrations, engraved frontispiece, title page in red and black ink
=336  \\$aprinted
=500  \\$aAnne-Antoinette-Cécile Clavel, dit Madame Saint-Huberty (1756-1812) was a famous soprano in the 1780s who was murdered
=500  \\$acontains some portraits, anda copy of a letter by Saint-Huberty, 1779
=600  \0$aSaint-Huberty, Antoinette $d1756-1812$1http://www.wikidata.org/entity/Q2856972$922756
=648  \0$a18th Century (1701-1800)$1http://www.wikidata.org/entity/Q7015$920899
=648  \0$a19th Century (1801-1900)$1http://www.wikidata.org/entity/Q6955$920935
=650  \0$aMusic history$1http://www.wikidata.org/entity/Q846047$921373
=650  \0$aBiography$1http://www.wikidata.org/entity/Q36279$91927
=650  \0$aSinger$1http://www.wikidata.org/entity/Q177220$93915
=653  \0$abezetting (vocaal)$322, 89, 133$020137650$w04C21$929529
=653  \0$aPiccini$344, 88, 90, 91-100, 111$020137650$w04C21$935958
=653  \0$atekstuitspraak$345$020137650$w04C21$936786
=653  \0$aGluck$321, 22, 43, 44, 87, 105, 128$020137650$w04C21$932235
=653  \0$azangeres$3wb, 81-85, 200-203$020137650$w04C21$938089
=653  \0$aRousseau, J.J.$3105$020137650$w04C21$938595
=653  \0$aSacchini$397, 112, 118, 133$020137650$w04C21$938668
=653  \0$aSaint-Huberty, La$3wb$020137650$w04C21$938691
=653  \0$asalaris$37, 48, 49, 73, 74, 75, 77, 78, 82, 86, 103, 104, 127, 208, 209, 210, 217$020137650$w04C21$938697
=653  \0$amise-en-scène$3146, 149, 150, 151$020137650$w04C21$939272
=856  \\$uhttps://gallica.bnf.fr/ark:/12148/bpt6k220561v$3Gallica
=942  \\$cBOO
=952  \\$00$10$2ddc$40$6KTS_1_000000000000000_C1_46_04C21$70$8RAR$9738$aORPH$bORPH$cKTS1_C1$d2020-07-08$eKoopman$i04C21$oKTS1 C1.46 04C21$p20137650$r2021-01-12 00:00:00$w2021-01-12$yBOO
=999  \\$d738

