=LDR  06574    a2201273   4500
=001  739
=008  210412s1756\\\\\\\|||||\||||\00|\0\fre\d
=041  \\$afre
=245  \\$aL'Art, ou les principes philosophiques du chant
=250  \\$a2nd rev. ed.
=260  \\$aParis$bLottin$bLambert$bDuchesne$c1756
=300  \\$axlviii-148-[4] pages$b1 plate
=336  \\$abook
=336  \\$aprinted
=500  \\$aBlanchet was a French literary scholar, doctor, musicographer.
After having been a professor at the Jesuit college of La Flèche, he renounced the ecclesiastical state and obtained a doctorate of medicine in Paris.
=561  \\$aex libris Ralph Kirkpatrick (signature and plate)
=590  \\$aCorrigée & augmentée
=648  \0$a18th Century (1701-1800)$1http://www.wikidata.org/entity/Q7015$920899
=650  \0$aMethod$1http://www.wikidata.org/entity/Q2250960$921402
=650  \0$aSinging$1http://www.wikidata.org/entity/Q27939$92767
=651  \0$aFrance$1http://www.wikidata.org/entity/Q142$9131
=653  \0$aademhalen$37-91, 110$020137634$w04C22$928491
=653  \0$aafwisseling$380$020137634$w04C22$928514
=653  \0$aAlembert, d'$3xlv$020137634$w04C22$928584
=653  \0$aAretino$369$020137634$w04C22$928762
=653  \0$aartikulatie$345-103, 95, 97$020137634$w04C22$928817
=653  \0$aBlanchet$3wb$020137634$w04C22$929612
=653  \0$aBaron$389$020137634$w04C22$929093
=653  \0$aboekprijs$3tp$020137634$w04C22$929701
=653  \0$aBayle$3xlv$020137634$w04C22$929234
=653  \0$aBérard$3vw, vi, vii-xvi-xviii-xix, xxi, xxiii, xxv, 19$020137634$w04C22$929431
=653  \0$aCahusac$3xx, xl, 67$020137634$w04C22$930117
=653  \0$amuziekautomaten$347, 48$020137634$w04C22$935067
=653  \0$aclavecin oculaire$341$020137634$w04C22$930518
=653  \0$acoulé$3120, 123, 132$020137634$w04C22$930780
=653  \0$adansen$3xx, 21, 79$020137634$w04C22$930928
=653  \0$aDescartes$3xlv, 107$020137634$w04C22$931024
=653  \0$aDiderot$3xxiii, xl, xlv$020137634$w04C22$931062
=653  \0$adiminuties$3120-123, 132, 137$020137634$w04C22$931087
=653  \0$adouble cadence$3119, 130-132$020137634$w04C22$931170
=653  \0$adrukfouten$3viii, 148$020137634$w04C22$931221
=653  \0$adynamiek$3117, 120, 122$020137634$w04C22$931346
=653  \0$aemoties$321, 25, 29, 30, 54, 82, 84, 94, 113, 122$020137634$w04C22$931445
=653  \0$aport de voix$3115, 116, 123, 124-126, 133$020137634$w04C22$936088
=653  \0$aFel, Madame$3xl, 29, 67, 104, 111, 113$020137634$w04C22$931647
=653  \0$aFontenelle$3xlv$020137634$w04C22$931815
=653  \0$afrans - italiaans$331, 32, 79$020137634$w04C22$931871
=653  \0$astreektechniek$3102$020137634$w04C22$936623
=653  \0$agamba$313$020137634$w04C22$931995
=653  \0$atekstuitspraak$3xi-xiv, xxxvii, 2, 55-58, 58-77, 95-97$020137634$w04C22$936786
=653  \0$atempo$3105-109$020137634$w04C22$936814
=653  \0$atrillers etc$3113, 114, 115$020137634$w04C22$937145
=653  \0$aVaucanson$348$020137634$w04C22$937359
=653  \0$aviool$313, 14, 17$020137634$w04C22$937605
=653  \0$avolume$331, 117$020137634$w04C22$937724
=653  \0$aJéliotte$3xl, 25, 29, 67, 111, 113$020137634$w04C22$933201
=653  \0$aKircher, A.$39$020137634$w04C22$933414
=653  \0$azangkunst$3wb$020137634$w04C22$938104
=653  \0$azuiverheid$395-105, 139$020137634$w04C22$938176
=653  \0$aklavecimbel_Frankrijk 18e eeuw$312, 13, 41, 102$020137634$w04C22$933487
=653  \0$aRameau, J.P.$3xl, 58, 72, 105, 108$020137634$w04C22$938224
=653  \0$aRebel$3xl, 82$020137634$w04C22$938271
=653  \0$aLa Motte$3xl$020137634$w04C22$933839
=653  \0$aRousseau, J.J.$3xlv, 73$020137634$w04C22$938595
=653  \0$aLebegue$3151$020137634$w04C22$933965
=653  \0$alengte van port de voix$3118$020137634$w04C22$934041
=653  \0$aLully$374, 75$020137634$w04C22$934271
=653  \0$aMarais, M.$3109??$020137634$w04C22$934441
=653  \0$aMondonville$314$020137634$w04C22$934813
=653  \0$amonochord$317$020137634$w04C22$934823
=653  \\$aaccentus$3116, 126$928448$020137634$w04C22
=653  \\$aBerthier$3xxvii, 19$929473$020137634$w04C22
=653  \\$aCafarelli$332$930111$020137634$w04C22
=653  \\$aChassé$325, 29, 67, 75$930411$020137634$w04C22
=653  \\$aChéron$3xl$930428$020137634$w04C22
=653  \\$aChevalier, Mad.$329$930431$020137634$w04C22
=653  \\$aClairon, Mad.$394$930496$020137634$w04C22
=653  \\$aComtesse de M., Madame la$332$930646$020137634$w04C22
=653  \\$aCupis$314$930871$020137634$w04C22
=653  \\$aDodard$3ix, xxxiv, 11$931122$020137634$w04C22
=653  \\$aDuché$3xl, 109$931266$020137634$w04C22
=653  \\$aFavart$329$931632$020137634$w04C22
=653  \\$aFerrein$3lx, xxv, xxxiv, 10, 12, 15$931685$020137634$w04C22
=653  \\$aflatté$3116, 122, 126$931748$020137634$w04C22
=653  \\$aFrancour$3xl, 82$931861$020137634$w04C22
=653  \\$aGarvazin$394$932012$020137634$w04C22
=653  \\$aGavigné$314$932049$020137634$w04C22
=653  \\$aGodar$3109$932245$020137634$w04C22
=653  \\$aGrandval$394$932331$020137634$w04C22
=653  \\$aLagarde, de$3xl$933854$020137634$w04C22
=653  \\$ales gestes$3xxxviii, 77-94, 96, 107$934064$020137634$w04C22
=653  \\$aMaltu$379$934404$020137634$w04C22
=653  \\$aMaure, Mad. le$325, 29, 89, 111, 113$934556$020137634$w04C22
=653  \\$aMéhul, Mad. du$394$934610$020137634$w04C22
=653  \\$aMion$355$934774$020137634$w04C22
=653  \\$aniet-musicus schrijft dit boek$3xix, xx, xxi, xxii$935241$020137634$w04C22
=653  \\$aOlivet, Abbé d'$340$935372$020137634$w04C22
=653  \\$aParis Bergier ?$390$935766$020137634$w04C22
=653  \\$aplagiaat$3a ii, v, vi, x-xxiv$936010$020137634$w04C22
=653  \\$aRochar ?$332, 109$938491$020137634$w04C22
=653  \\$astemorgaan$35-23, 26-42, 45-55, 58, 124-136, verg.43-44$936562$020137634$w04C22
=653  \\$aversnelling van triller$3118$937496$020137634$w04C22
=653  \\$aVoltaire$3xlv$95159$020137634$w04C22
=700  \\$4aut$aBérard, Jean-Antoine$d1710-1772$1http://www.wikidata.org/entity/Q1684590$95483
=700  \\$4aut$aBlanchet, Jean$d1724-1778$95482
=856  \\$uhttps://gallica.bnf.fr/ark:/12148/bpt6k58174883.texteImage$3Gallica
=942  \\$cBOO
=952  \\$00$10$2ddc$40$6KTS_1_000000000000000_C1_46_04C22$70$8RAR$9739$aORPH$bORPH$cKTS1_C1$d2020-07-08$eKoopman$i04C22$oKTS1 C1.46 04C22$p20137634$r2021-01-12 00:00:00$w2021-01-12$yBOO
=999  \\$d739

