=LDR  01223aam a2200241   4500
=001  741
=008  211108s1777\\\\||||||||\||||\00|\0\fre\d
=041  \\$afre
=100  \\$aBuc'hoz, Pierre Joseph$4aut$95484
=245  \\$aTraité économique et physique des oiseaux de basse-cour
=260  \\$aLiège$bDesoer$c1777
=300  \\$axxvi-[v]-312 pages
=336  \\$aprinted
=534  \\$aOriginally published in 1775
=590  \\$acontenant la description de ces oiseaux, la manière de les élever, de les multiplier, de les nourrir, de les traiter dans leurs maladies, & d'en tirer profit, tant pour nos alimens, que pour nos médicamens, & pour les différens Arts & Métiers
=648  \0$a18th Century (1701-1800)$1http://www.wikidata.org/entity/Q7015$920899
=650  \0$aScience$1http://www.wikidata.org/entity/Q7991$921650
=650  \0$aOrnithology$921944
=651  \0$aLiège (Belgium)$1http://www.wikidata.org/entity/Q3992$9240
=856  \\$uhttps://donum.uliege.be/handle/2268.1/2115$3University of Liège
=942  \\$cBOO
=952  \\$00$10$2ddc$40$6KTS_1_000000000000000_C1_46_04C25$70$8RAR$9741$aORPH$bORPH$cKTS1_C1$d2020-07-08$eKoopman$i04C25$oKTS1 C1.46 04C25$p20137617$r2021-01-12 00:00:00$w2021-01-12$yBOO
=999  \\$d741

