=LDR  02307aam a2200289   4500
=001  743
=008  211012s1766\\\\\\\|||||\||||\00|\0\fre\d
=041  \\$afre
=100  \\$aRichard, Jérôme$4aut$95488
=245  \\$aDescription historique et critique de l'Italie$nvol. 1-6/6
=260  \\$aParis$bdes Ventes$c1766
=300  \\$a6 vols. ([iv]-clxiv-320-[4]+viii-585-[1]+lxxii-343-[1]+v-513-[1]+xxxv-[i]-502-[2]+[iv]-482-[6] pages)$b2 folded maps (vol. 1&3)
=336  \\$aprinted
=500  \\$aIn volume 1 pages 290-309 are bound in the wrong order, in volume 4 a small error in order occurs in the table of contents
=648  \0$a18th Century (1701-1800)$1http://www.wikidata.org/entity/Q7015$920899
=650  \0$aHistory$1http://www.wikidata.org/entity/Q309$921403
=650  \0$aTravel$1http://www.wikidata.org/entity/Q61509$94440
=651  \0$aItaly$1http://www.wikidata.org/entity/Q38$922
=856  \\$uhttps://gallica.bnf.fr/services/engine/search/sru?operation=searchRetrieve&version=1.2&collapsing=disabled&query=dc.relation%20all%20%22cb312107527%22$3Gallica
=942  \\$cBOO
=952  \\$00$10$2ddc$3vol. 1$40$6KTS_1_000000000000000_C1_46_04C27$70$8RAR$9743$aORPH$bORPH$cKTS1_C1$d2020-07-08$eKoopman$i04C27$oKTS1 C1.46 04C27$p20137619$r2021-01-12 00:00:00$w2021-01-12$yBOO
=952  \\$00$10$2ddc$3vol. 2$40$6KTS_1_000000000000000_C1_46_04C28$70$8RAR$920914$aORPH$bORPH$cKTS1_C1$d2020-07-08$eKoopman$i04C28$l0$oKTS1 C1.46 04C28$p20137638$r2021-11-08 00:00:00$w2021-01-12$yBOO
=952  \\$00$10$2ddc$3vol. 3$40$6KTS_1_000000000000000_C1_46_04C29$70$8RAR$920915$aORPH$bORPH$cKTS1_C1$d2020-07-08$eKoopman$i04C29$l0$oKTS1 C1.46 04C29$p20137639$r2021-11-08 00:00:00$w2021-01-12$yBOO
=952  \\$00$10$2ddc$3vol. 4$40$6KTS_1_000000000000000_C1_46_04C30$70$8RAR$920916$aORPH$bORPH$cKTS1_C1$d2020-07-08$eKoopman$i04C30$l0$oKTS1 C1.46 04C30$p20137640$r2021-11-08 00:00:00$w2021-01-12$yBOO
=952  \\$00$10$2ddc$3vol. 5$40$6KTS_1_000000000000000_C1_46_04C31$70$8RAR$920917$aORPH$bORPH$cKTS1_C1$d2020-07-08$eKoopman$i04C31$l0$oKTS1 C1.46 04C31$p20137641$r2021-11-08 00:00:00$w2021-01-12$yBOO
=952  \\$00$10$2ddc$3vol. 6$40$6KTS_1_000000000000000_C1_46_04C32$70$8RAR$920918$aORPH$bORPH$cKTS1_C1$d2020-07-08$eKoopman$i04C32$l0$oKTS1 C1.46 04C32$p20137642$r2021-11-08 00:00:00$w2021-01-12$yBOO
=999  \\$d743

