=LDR  01251aam a2200277   4500
=001  746
=008  211108s1859\\\\|||f||||\||||\00|\p\dut\d
=041  \\$adut
=100  \\$aStok, Pieter Nicolaas van der$4aut$95490
=245  \\$aGedichtjes en zangen voor kinderen
=260  \\$aUtrecht$bNolet$c1859
=300  \\$a70 pages$b4 plates inserted
=336  \\$aprinted
=500  \\$aLyrics only
=500  \\$aPieter Nicolaas Van der Stok (1815-1889) was "Predikant bij de Herv. Gemeente te Zuylen"
=500  \\$abeautifully illustrated with lithographs
=561  \\$aEx libris S. v. Nooten (ms.)
=648  \0$a19th Century (1801-1900)$1http://www.wikidata.org/entity/Q6955$920935
=650  \0$aPoetry$1http://www.wikidata.org/entity/Q482$93026
=650  \0$aSong$1http://www.wikidata.org/entity/Q7366$94164
=651  \0$aNetherlands$1http://www.wikidata.org/entity/Q55$9173
=700  \\$4ill$aBlommers, P.$d1889-1914$1http://www.wikidata.org/entity/Q106694469$95491
=856  \\$uhttps://books.google.be/books?id=cQJcAAAAcAAJ$3Google Books
=942  \\$cBOO
=952  \\$00$10$2ddc$40$6KTS_1_000000000000000_C1_47_04C35$70$8RAR$9746$aORPH$bORPH$cKTS1_C1$d2020-07-08$eKoopman$i04C35$oKTS1 C1.47 04C35$p20137647$r2021-01-12 00:00:00$w2021-01-12$yBOO
=999  \\$d746

