=LDR  01387aam a2200241   4500
=001  748
=008  221124s1716\\\\||||||||\||||\00|\0\mul\d
=041  \\$ager$adut
=100  \\$aKramer, Matthia$d1640-1729$4aut$1http://www.wikidata.org/entity/Q15078894$95493
=245  \\$aGrund-richtig-volkommene Nider-Deutsch oder holländische Grammatica
=260  \\$aNuremberg$bTauber$c1716
=300  \\$a[x]-131-108-[1] pages$btitleplage in red and black ink
=500  \\$amore information about this author and book to be found in Matthias Hüning's article 'Matthias Kramer und seine Holländische Grammatica (1716)': https://neon.niederlandistik.fu-berlin.de/static/mh/Huening_2019_Kramer.pdf
=500  \\$aErroneously bound in: page 17 of part 1 belongs in part 2, and vice versa
=561  \\$aEx libris Wucherer (manuscript)
=648  \0$a18th Century (1701-1800)$1http://www.wikidata.org/entity/Q7015$920899
=650  \0$aLinguistics$1http://www.wikidata.org/entity/Q8162$93902
=650  \0$aDictionary$1http://www.wikidata.org/entity/Q23622$921580
=651  \0$aGermany$1http://www.wikidata.org/entity/Q183$9155
=856  \\$uhttps://books.google.be/books?id=OGxJAAAAcAAJ$3Google Books
=942  \\$cBOO
=952  \\$00$10$2ddc$40$6KTS_1_000000000000000_C2_48_10D14$70$8RAR$9748$aORPH$bORPH$cKTS1_C2$d2020-07-08$eKoopman$oKTS1 C2.48 10D14$p20139770$r2021-01-12 00:00:00$w2021-01-12$yBOO
=999  \\$d748

