=LDR  01717    a2200277   4500
=001  750
=008  211108s1738\\\\||||||||\||||\00|\0\dut\d
=041  \\$adut$alat
=100  \\$aPontas, Jean$d1638-1728$4aut$1http://www.wikidata.org/entity/Q23856523$95494
=245  \\$aGeestelijke aenspraken om de zieken te onderwijzen, te troosten en op-te-wekken in de verscheyde staeten van hunne ziektens$n1-2/2
=260  \\$aAntwerp$bSoest, van$c1738
=300  \\$a2 vols. ([xii]-252-[4] +248 pages)
=336  \\$aprinted
=534  \\$aExhortations aux malades en leur administrant le saint viatique tirées de l'écriture et des pères$c1690
=590  \\$aGetrokken uyt de Schriftuer ende de HH. Vaders, opgestelt in het Frans door M. J. Pontas, priester, doctoor inde Canonische regten &c. en vertaelt in het Brabands-duyts doôr J.C. D. s.t.l. p.n.a. [...] Met de latijnsche Gebeden voor den Doots-strydt vertaelt in het Duyts.
=648  \0$a18th Century (1701-1800)$1http://www.wikidata.org/entity/Q7015$920899
=648  \0$a17th Century (1601-1700)$1http://www.wikidata.org/entity/Q7016$920923
=650  \0$aReligion$1http://www.wikidata.org/entity/Q9174$93062
=650  \0$aDisease$1http://www.wikidata.org/entity/Q12136$921777
=650  \0$aDeath$1http://www.wikidata.org/entity/Q4$94425
=650  \0$aMoral education$1http://www.wikidata.org/entity/Q25457248$93171
=700  \\$4trl$aDiercxens, Joannes Carolus$d1702-1779$95495
=856  \\$uhttps://books.google.be/books?id=Aj9QAAAAcAAJ$3Google Books
=942  \\$cBOO
=952  \\$00$10$2ddc$40$6KTS_1_000000000000000_C1_47_04D03$70$8RAR$9750$aORPH$bORPH$cKTS1_C1$d2020-07-08$eKoopman$i04D03$oKTS1 C1.47 04D03$p20137652$r2021-01-12 00:00:00$w2021-01-12$yBOO
=999  \\$d750

