=LDR  01800aam a2200301   4500
=001  752
=008  211108q1738\\\\|||g||||\||||\00|\p\dut\d
=041  \\$adut
=100  \\$aLodensteyn, Jodocus van$d1620-1677$4aut$1http://www.wikidata.org/entity/Q2487552$95497
=245  \\$aUytspanningen,$bbehelzende eenige stichtelijke liederen en andere gedichten
=250  \\$a11th ed.
=260  \\$aAmsterdam$bKannewet$c1738 [?]
=300  \\$a[xxiv]-464-[16] pages$bengraved frontispiece, music examples
=500  \\$aFrontispiece engraved by J. C. Philips
=500  \\$aContains manuscript remark by Coninck Westenberg (1939): "bevat ook enkele aardige niet godsdienstige verzen...met lofzang op het dichtwerk van W. Sluiter. " ("Also contains some nice non-religious verses...with praise of the poetry of W. Sluiter. ")
=500  \\$aSee H1-039, 04D23, 06E02, 11A32, and H3-073 for earlier and later editions. 
=504  \\$aContains an index
=534  \\$aOriginally publised in 1676
=561  \\$aEx Libris Coninck Westenberg (plate)
=590  \\$aVerdeeld in vier deelen met een aanhangzel. Tot gemak der Zang-meesteren hier by gevoegt een onderregting, tot gebruyk der geener die de op gemelde Liederen, op de Instrumente willen leeren Spelen.
=648  \0$a17th Century (1601-1700)$1http://www.wikidata.org/entity/Q7016$920923
=650  \0$aPoetry$1http://www.wikidata.org/entity/Q482$93026
=650  \0$aSong$1http://www.wikidata.org/entity/Q7366$94164
=650  \0$aPietism$1http://www.wikidata.org/entity/Q193664$923132
=651  \0$aNetherlands$1http://www.wikidata.org/entity/Q55$9173
=942  \\$cBOO
=952  \\$00$10$2ddc$40$6KTS_1_000000000000000_C1_47_04D08$70$8RAR$9752$aORPH$bORPH$cKTS1_C1$d2020-07-08$eKoopman$oKTS1 C1.47 04D08$p20137653$r2021-01-12 00:00:00$w2021-01-12$yBOO
=999  \\$d752

