=LDR  01658    a2200337   4500
=001  753
=005  20250923161048.0
=008  211109s1727\\\\|||||k||\||||\00|\0\dut\d
=041  \\$adut
=245  \\$aStichtelijke rijmen
=260  \\$aAmsterdam$bvander Sys$c1727
=300  \\$a[xviii]-724-[12] pages
=500  \\$aDirck Rafaelz Camphuysen (c. 1586-1627) was a poet, artist and preacher
=534  \\$aOriginally published in 1624
=590  \\$aOnderscheyden in IV deelen. Gestelt op sleutels om te zingen en te speelen op allerhande instrumenten
=648  \0$a17th Century (1601-1700)$1http://www.wikidata.org/entity/Q7016$920923
=648  \0$a18th Century (1701-1800)$1http://www.wikidata.org/entity/Q7015$920899
=650  \0$aPoetry$1http://www.wikidata.org/entity/Q482$93026
=650  \0$aSong$1http://www.wikidata.org/entity/Q7366$94164
=650  \0$aReligion$1http://www.wikidata.org/entity/Q9174$93062
=651  \0$aNetherlands$1http://www.wikidata.org/entity/Q55$9173
=653  \0$aCamphuysen, D.$3wb$020137660$w04D09$930165
=653  \0$aop de wijze van $3wb$020137660$w04D09$935398
=653  \\$aButler, J.$3wb$930076$020137660$w04D09
=700  \\$4aut$aCamphuysen, Dirk Rafaelszoon$d1586-1627$1http://www.wikidata.org/entity/Q1932984$95498
=700  \\$4cmp$aButler, Joseph$95499
=700  \\$4cmp$aMathieu, Michel$d1689-1768$95500$1https://data.bnf.fr/fr/16169422/michel_mathieu/
=942  \\$cSCO
=952  \\$00$10$2ddc$40$6KTS_1_000000000000000_C1_47_04D09$70$8RAR$9753$aORPH$bORPH$cKTS1_C1$d2020-07-08$eKoopman$oKTS1 C1.47 04D09$p20137660$r2021-01-12 00:00:00$w2021-01-12$ySCO
=999  \\$d753
=533  \\$aDigitized by iGuana, Spring 2025.

