=LDR  01625aam a2200265   4500
=001  754
=008  211108s1750\\\\\\\a||||\||||\00|\0\dut\d
=041  \\$adut
=245  \\$aApollo's nieuwe-jaarsgift aan het bekoorlyke Hollandsche jufferschap
=260  \\$aDordrecht$bWalpot$c1750
=300  \\$a128 pages
=500  \\$aSee Louis P. Grijp, ‘Apollo’s Gifts: Dutch Songbooks for the Urban Youth of the Eighteenth Century’, in Music and the City: Musical Cultures and Urban Societies in the Southern Netherlands and Beyond, c. 1650-1800, ed. Stefanie Beghein, Bruno Blondé and Eugeen Schreurs (Leuven: Leuven University Press, 2013), 161-185.
=501  \\$a'Apollo's vastenavond-gift' (c. 1750)
'Apollo's kermis-gift…' (1746)
'Apollo's St. Nicolaasgift' (1730)
=534  \\$aOriginally published by Jan van den Bergh, The Hague, 1742
=648  \0$a18th Century (1701-1800)$1http://www.wikidata.org/entity/Q7015$920899
=650  \0$aPoetry$1http://www.wikidata.org/entity/Q482$93026
=650  \0$aBook$1http://www.wikidata.org/entity/Q571$92285
=650  \0$aSong$1http://www.wikidata.org/entity/Q7366$94164
=651  \0$aNetherlands$1http://www.wikidata.org/entity/Q55$9173
=773  \\$0754$tApollo's nieuwe-jaarsgift$w754
=856  \\$uhttps://books.google.be/books?id=nHxoAAAAcAAJ$3Google Books
=856  \\$uhttps://drive.google.com/drive/folders/1S6G02XfNHDF26jBb6aPuTmhc-6J8gYhi$3Koopman Digital
=942  \\$cBOO
=952  \\$00$10$2ddc$40$6KTS_1_000000000000000_C1_47_04D10A$70$8RAR$9754$aORPH$bORPH$cKTS1_C1$d2020-07-08$eKoopman$i04D10a$oKTS1 C1.47 04D10a$p20137644$r2021-01-12 00:00:00$w2021-01-12$yBOO
=999  \\$d754

