=LDR  01934aam a2200277   4500
=001  756
=008  211108s1750\\\\\\\a||||\||||\00|\p\dut\d
=041  \\$adut
=245  \\$aApollo's kermis-gift aan de Haagsche vermaaks-gesinde jeugd
=260  \\$aDordrecht$bWalpot$c1750
=300  \\$a2 vols. (128+128 pages)
=500  \\$aLiterature: Louis P. Grijp, ‘Apollo’s Gifts: Dutch Songbooks for the Urban Youth of the Eighteenth Century’, in Music and the City: Musical Cultures and Urban Societies in the Southern Netherlands and Beyond, c. 1650-1800, ed. Stefanie Beghein, Bruno Blondé and Eugeen Schreurs (Leuven: Leuven University Press, 2013), 161-185.
=501  \\$a'Apollo's nieuwe-jaarsgift…' (1750)
'Apollo's St. Nicolaasgift' (1730)
'Apollo's vastenavond-gift' (c. 1750)
=534  \\$aOriginally published by Jan van den Bergh, The Hague, 1740 and 1743 (see KTS1 C2.45 10A11); the princeps was followed by further eds. by Egidius van Ophem, Hoorn, 1745 and Abraham Cornelis, Amsterdam, c. 1756-80
=648  \0$a18th Century (1701-1800)$1http://www.wikidata.org/entity/Q7015$920899
=650  \0$aSong$1http://www.wikidata.org/entity/Q7366$94164
=650  \0$aPoetry$1http://www.wikidata.org/entity/Q482$93026
=650  \0$aBook$1http://www.wikidata.org/entity/Q571$92285
=651  \0$aNetherlands$1http://www.wikidata.org/entity/Q55$9173
=773  \\$0754$tApollo's nieuwe-jaarsgift$w754
=856  \\$uhttps://books.google.be/books?id=x7YTAAAAQAAJ$3Eerste deel
=856  \\$uhttps://books.google.be/books?id=2YBWAAAAcAAJ$3Tweede deel
=942  \\$cBOO
=952  \\$00$10$2ddc$40$6KTS_1_000000000000000_C1_47_04D10CD$70$8RAR$9756$aORPH$bORPH$cKTS1_C1$d2020-07-08$eKoopman$oKTS1 C1.47 04D10c-d$r2021-01-12 00:00:00$w2021-01-12$yBOO
=952  \\$00$10$2ddc$40$6KTS_1_000000000000000_C1_47_04D10CD$70$8RAR$923809$aORPH$bORPH$cKTS1_C1$d2020-07-08$eKoopman$l0$oKTS1 C1.47 04D10c-d$r2021-01-12 00:00:00$w2021-01-12$yBOO
=999  \\$d756

