=LDR  01338aam a2200265   4500
=001  757
=008  211108s1730\\\\|||a||||\||||\00|\p\dut\d
=041  \\$adut
=245  \\$aApollo's St. Nicolaasgift, aan Minerva
=250  \\$a1st ed.
=260  \\$aLeiden$bvan Kerckhem$c1730
=300  \\$a4 vols. in 1 (64-64-64-48 pages)
=501  \\$a'Apollo's nieuwe-jaarsgift'
'Apollo's vastenavond-gift'
'Apollo's kermis-gift…'
=505  \\$aMinnezangen -- Herderszangen -- Mengelzangen -- Oly-podriego
=648  \0$a18th Century (1701-1800)$1http://www.wikidata.org/entity/Q7015$920899
=650  \0$aPoetry$1http://www.wikidata.org/entity/Q482$93026
=650  \0$aSong$1http://www.wikidata.org/entity/Q7366$94164
=650  \0$aBook$1http://www.wikidata.org/entity/Q571$92285
=651  \0$aNetherlands$1http://www.wikidata.org/entity/Q55$9173
=773  \\$0754$tApollo's nieuwe-jaarsgift$w754
=856  \\$uhttps://books.google.be/books?id=m4BWAAAAcAAJ$3Google Books
=942  \\$cBOO
=952  \\$00$10$2ddc$40$6KTS_1_000000000000000_C1_47_04D10E$70$8RAR$9757$aORPH$bORPH$cKTS1_C1$d2020-07-08$eKoopman$oKTS1 C1.47 04D10e$r2021-01-12 00:00:00$w2021-01-12$yBOO
=952  \\$00$10$2ddc$40$6KTS_1_000000000000000_C1_47_04D10E$70$8RAR$923810$aORPH$bORPH$cKTS1_C1$d2020-07-08$eKoopman$l0$oKTS1 C1.47 04D10e$r2021-01-12 00:00:00$w2021-01-12$yBOO
=999  \\$d757

