=LDR  03740aam a2200409   4500
=001  759
=008  211108s1780\\\\|||c||||\||||\00|\idfre\d
=041  \\$afre
=100  \\$aMadame de Sévigné$d1626-1696$4aut$1http://www.wikidata.org/entity/Q237103$910615
=245  \\$aRecueil des lettres de Madame la Marquise de Sévigné $n1-10/10$bA Madame la Comtesse  de Grignan, sa fille
=250  \\$aNouvelle Édition augmentée
=260  \\$aMaastricht$bDufour; Roux$c1780
=300  \\$a10 vols. (cvii-372 + 444 +452 + 454 + 456 + 454 + 468 +467 + 438 + 360 pages)$btitle pages in red and black ink, engraved frontispiece to vol.1 & 2
=336  \\$aprinted
=500  \\$avol.1 contains a frontispiece portrait of Françoise Marguerite de Sévigné, comtesse de Grignan engraved by A. D'hesbeze (based on the one engraved by  Petit, in the Paris-Rollin-1738 edition)
=500  \\$avol.2 contains an anonymous frontispiece portrait de Marie de Rabutin-Chantal, marquise de Sévigné (based on the one engraved by  Jacques Chereau, in the Paris-Rollin-1738 edition)
=500  \\$avol.1 contains manuscript notes on the endpapers in the front
=504  \\$aindex in vol.10
=648  \0$a17th Century (1601-1700)$1http://www.wikidata.org/entity/Q7016$920923
=648  \0$a18th Century (1701-1800)$1http://www.wikidata.org/entity/Q7015$920899
=650  \0$aCorrespondence$1http://www.wikidata.org/entity/Q1784733$921392
=650  \0$aHistory$1http://www.wikidata.org/entity/Q309$921403
=650  \0$aBiography$1http://www.wikidata.org/entity/Q36279$91927
=651  \0$aFrance$1http://www.wikidata.org/entity/Q142$9131
=856  \\$uhttps://books.google.be/books?id=1EFaAAAAcAAJ$3vol. 1
=942  \\$cBOO
=952  \\$00$10$2ddc$3vol.1$40$6KTS_1_000000000000000_C1_47_04D12$70$8RAR$9759$aORPH$bORPH$cKTS1_C1$d2020-07-08$eKoopman$i04D12$oKTS1 C1.47 04D12$p20137672$r2021-01-12 00:00:00$w2021-01-12$yBOO
=952  \\$00$10$2ddc$3vol.2$40$6KTS_1_000000000000000_C1_47_04D13$70$8RAR$920940$aORPH$bORPH$cKTS1_C1$d2020-07-08$eKoopman$i04D13$l0$oKTS1 C1.47 04D13$p20137671$r2021-11-08 00:00:00$w2021-01-12$yBOO
=952  \\$00$10$2ddc$3vol.3$40$6KTS_1_000000000000000_C1_47_04D14$70$8RAR$920941$aORPH$bORPH$cKTS1_C1$d2020-07-08$eKoopman$i04D14$l0$oKTS1 C1.47 04D14$p20137669$r2021-11-08 00:00:00$w2021-01-12$yBOO
=952  \\$00$10$2ddc$3vol.4$40$6KTS_1_000000000000000_C1_47_04D15$70$8RAR$920942$aORPH$bORPH$cKTS1_C1$d2020-07-08$eKoopman$i04D15$l0$oKTS1 C1.47 04D15$p20137670$r2021-11-08 00:00:00$w2021-01-12$yBOO
=952  \\$00$10$2ddc$3vol.5$40$6KTS_1_000000000000000_C1_47_04D16$70$8RAR$920943$aORPH$bORPH$cKTS1_C1$d2020-07-08$eKoopman$i04D16$l0$oKTS1 C1.47 04D16$p20137668$r2021-11-08 00:00:00$w2021-01-12$yBOO
=952  \\$00$10$2ddc$3vol.6$40$6KTS_1_000000000000000_C1_47_04D17$70$8RAR$920944$aORPH$bORPH$cKTS1_C1$d2020-07-08$eKoopman$i04D17$l0$oKTS1 C1.47 04D17$p20137667$r2021-11-08 00:00:00$w2021-01-12$yBOO
=952  \\$00$10$2ddc$3vol.7$40$6KTS_1_000000000000000_C1_47_04D18$70$8RAR$920945$aORPH$bORPH$cKTS1_C1$d2020-07-08$eKoopman$i04D18$l0$oKTS1 C1.47 04D18$p20137666$r2021-11-08 00:00:00$w2021-01-12$yBOO
=952  \\$00$10$2ddc$3vol.8$40$6KTS_1_000000000000000_C1_47_04D19$70$8RAR$920946$aORPH$bORPH$cKTS1_C1$d2020-07-08$eKoopman$i04D19$l0$oKTS1 C1.47 04D19$p20137665$r2021-11-08 00:00:00$w2021-01-12$yBOO
=952  \\$00$10$2ddc$3vol.9$40$6KTS_1_000000000000000_C1_47_04D20$70$8RAR$920947$aORPH$bORPH$cKTS1_C1$d2020-07-08$eKoopman$i04D20$l0$oKTS1 C1.47 04D20$p20137664$r2021-11-08 00:00:00$w2021-01-12$yBOO
=952  \\$00$10$2ddc$3vol.10$40$6KTS_1_000000000000000_C1_47_04D21$70$8RAR$920948$aORPH$bORPH$cKTS1_C1$d2020-07-08$eKoopman$i04D21$l0$oKTS1 C1.47 04D21$p20137663$r2021-11-08 00:00:00$w2021-01-12$yBOO
=999  \\$d759

