=LDR  01131    a2200277   4500
=001  764
=003  OI
=005  20250120120332.0
=008  210224s1693\\\\\\\|||||\||||\00|\d\dut\d
=040  \\$aBF
=041  \\$adut
=100  \\$aAsselijn, Thomas$d1620-1701$4aut$1http://www.wikidata.org/entity/Q448629$95504
=245  \\$aDe spilpenning of de verkwistende vrouw. $bBlyspel
=250  \\$a1st ed.
=260  \\$aAmsterdam$bLescailje$c1693
=300  \\$a48 p.$c15x10 cm
=336  \\$aprinted
=500  \\$aSee 04D27 for a later ed.
=561  \\$aEx libris D.F.S.F.D no. 1499 (plate + ms.)
=648  \0$a17th Century (1601-1700)$1http://www.wikidata.org/entity/Q7016$920923
=650  \0$aPlay (theater)$1http://www.wikidata.org/entity/Q25379$921414
=651  \0$aNetherlands$1http://www.wikidata.org/entity/Q55$9173
=856  4\$uhttp://www.let.leidenuniv.nl/Dutch/Ceneton/Facsimiles/AsselynSpilpenning1693/index.htm
=942  \\$cBOO
=952  \\$00$10$2ddc$40$6KTS_1_000000000000000_C1_47_04D26$70$8RAR$9764$aORPH$bORPH$cKTS1_C1$d2020-07-08$eKoopman$i04D26$oKTS1 C1.47 04D26$p20137675$r2021-01-12 00:00:00$w2021-01-12$yBOO
=999  \\$d764

