=LDR  01130    a2200241   4500
=001  765
=008  211109s1726\\\\||||||||\||||\00|\d\dut\d
=041  \\$adut
=100  \\$aAsselijn, Thomas$d1620-1701$4aut$1http://www.wikidata.org/entity/Q448629$95504
=245  \\$aDe spilpenning of de verkwistende vrouw. $bBlyspel
=260  \\$aAmsterdam$bLescailje$c1726
=300  \\$a48 pages$bmodern cover with author and title typed$c14x8 cm
=336  \\$aprinted
=500  \\$aSee 04D26 for an earlier ed.
=500  \\$afirst performance 1693
=648  \0$a17th Century (1601-1700)$1http://www.wikidata.org/entity/Q7016$920923
=648  \0$a18th Century (1701-1800)$1http://www.wikidata.org/entity/Q7015$920899
=650  \0$aPlay (theater)$1http://www.wikidata.org/entity/Q25379$921414
=651  \0$aNetherlands$1http://www.wikidata.org/entity/Q55$9173
=856  \\$uhttps://books.google.be/books?id=aTJbAAAAQAAJ$3Google Books
=942  \\$cBOO
=952  \\$00$10$2ddc$40$6KTS_1_000000000000000_C1_47_04D27$70$8RAR$9765$aORPH$bORPH$cKTS1_C1$d2020-07-08$eKoopman$i04D27$oKTS1 C1.47 04D27$p20137676$r2021-01-12 00:00:00$w2021-01-12$yBOO
=999  \\$d765

