=LDR  01175aam a2200253   4500
=001  770
=005  20251008143219.0
=008  210705s1684\\\\\\\|||||\||||\00|\d\dut\d
=041  \\$adut
=100  \\$aBernagie, Pieter$d1656-1699$4aut$1http://www.wikidata.org/entity/Q2609391$95509
=245  \\$aDe huwelijkenstaat.$bKluchtspel
=250  \\$a1st ed.
=260  \\$aAmsterdam$bMagnus$c1684
=300  \\$a48 pages
=500  \\$aSee also 04D33-34 for two eighteenth-century editions
=500  \\$aEngraved title-plage, colored, with the motto "Latet quoque utiitas" and showing two hands playing badminton
=561  \\$aEx libris BL (plate)
=610  \0$aStadsschouwburg Amsterdam (Netherlands)$1http://www.wikidata.org/entity/Q1817103$921020
=648  \0$a17th Century (1601-1700)$1http://www.wikidata.org/entity/Q7016$920923
=650  \0$aComedy$1http://www.wikidata.org/entity/Q40831$921436
=651  \0$aAmsterdam (Netherlands)$1http://www.wikidata.org/entity/Q727$9135
=942  \\$cBOO
=952  \\$00$10$2ddc$40$6KTS_1_000000000000000_C1_47_04D32$70$8RAR$9770$aORPH$bORPH$cKTS1_C1$d2020-07-08$eKoopman$oKTS1 C1.47 04D32$p20137686$r2021-01-12 00:00:00$w2021-01-12$yBOO
=999  \\$d770

