=LDR  01078aam a2200241   4500
=001  771
=005  20251008143156.0
=008  210705s1785\\\\\\\|||||\||||\00|\d\dut\d
=041  \\$adut
=100  \\$aBernagie, Pieter$d1656-1699$4aut$1http://www.wikidata.org/entity/Q2609391$95509
=245  \\$aDe huwelijkenstaat.$bKluchtspel
=260  \\$aAmsterdam$bHelders$bMars$c1785
=300  \\$a52 pages
=500  \\$aSee also 04D34 for the 1724 ed.
=534  \\$aOriginally published in 1684, see 04D32
=561  \\$aEx libris Persevebanter (stamp)
=610  \0$aStadsschouwburg Amsterdam (Netherlands)$1http://www.wikidata.org/entity/Q1817103$921020
=648  \0$a18th Century (1701-1800)$1http://www.wikidata.org/entity/Q7015$920899
=650  \0$aComedy$1http://www.wikidata.org/entity/Q40831$921436
=651  \0$aAmsterdam (Netherlands)$1http://www.wikidata.org/entity/Q727$9135
=942  \\$cBOO
=952  \\$00$10$2ddc$40$6KTS_1_000000000000000_C1_47_04D33$70$8RAR$9771$aORPH$bORPH$cKTS1_C1$d2020-07-08$eKoopman$oKTS1 C1.47 04D33$p20137679$r2021-01-12 00:00:00$w2021-01-12$yBOO
=999  \\$d771

