=LDR  01077aam a2200229   4500
=001  772
=005  20251008143025.0
=008  210705s1724\\\\\\\|||||\||||\00|\d\dut\d
=041  \\$adut
=100  \\$aBernagie, Pieter$d1656-1699$4aut$1http://www.wikidata.org/entity/Q2609391$95509
=245  \\$aDe huwelijkenstaat.$bKluchtspel
=260  \\$aAmsterdam$bBastiaansz$c1724
=300  \\$a54 pages
=500  \\$aTitle-page shows the motto "Latet quoque utilitas" with the two badminton players
=534  \\$aOriginally published in 1684, see 04D32
=610  \0$aStadsschouwburg Amsterdam (Netherlands)$1http://www.wikidata.org/entity/Q1817103$921020
=648  \0$a18th Century (1701-1800)$1http://www.wikidata.org/entity/Q7015$920899
=650  \0$aComedy$1http://www.wikidata.org/entity/Q40831$921436
=651  \0$aAmsterdam (Netherlands)$1http://www.wikidata.org/entity/Q727$9135
=942  \\$cBOO
=952  \\$00$10$2ddc$40$6KTS_1_000000000000000_C1_48_04D34$70$8RAR$9772$aORPH$bORPH$cKTS1_C1$d2020-07-08$eKoopman$oKTS1 C1.48 04D34$p20137656$r2021-01-12 00:00:00$w2021-01-12$yBOO
=999  \\$d772

