=LDR  01248    a2200241   4500
=001  775
=008  211109s1781\\\\|||f||||\||||\00|\0\dut\d
=041  \\$adut
=245  \\$aBeschyjvinge van het Stadhuis van Amsterdam
=260  \\$aAmsterdam$bMortier$c1781
=300  \\$a104 pages$b4 folded pages engraved plates
=336  \\$abook
=336  \\$aprinted
=500  \\$acontains 4 beautiful fold-out engravings of the Amsterdam Cityhall
=590  \\$aMet een Verklaaringe van de Zinnebeeldige Figuren, Schilderwerken en Beelden, enz. die zo wel binnen als buiten dit heerlyk Gebouw gevonden worden.
=648  \0$a18th Century (1701-1800)$1http://www.wikidata.org/entity/Q7015$920899
=650  \0$aArchitecture$1http://www.wikidata.org/entity/Q12271$93185
=650  \0$aHistory$1http://www.wikidata.org/entity/Q309$921403
=651  \0$aAmsterdam (Netherlands)$1http://www.wikidata.org/entity/Q727$9135
=856  \\$uhttps://books.google.be/books/about/Beschryvinge_van_t_stadhuis_van_Amsterda.html?id=3RhpAAAAcAAJ&redir_esc=y$3Google Books
=942  \\$cBOO
=952  \\$00$10$2ddc$40$6KTS_1_000000000000000_C1_48_04D37$70$8RAR$9775$aORPH$bORPH$cKTS1_C1$d2020-07-08$eKoopman$i04D37$oKTS1 C1.48 04D37$p20137689$r2021-01-12 00:00:00$w2021-01-12$yBOO
=999  \\$d775

