=LDR  02260aam a2200373   4500
=001  776
=003  OI
=005  20250121142059.0
=008  210224s1709\\\\\\\|||||\||||\00|\d\dut\d
=040  \\$aOI
=041  \\$adut
=100  \\$aAsselijn, Thomas$d1620-1701$4aut$1http://www.wikidata.org/entity/Q448629$95504
=240  \\$aJan Claasz of de gewaande dienstmaagd
=245  \\$aJan Klaasz, of Gewaande dienstmaagd.$cBlyspel
=250  \\$a2nd ed. [?]
=260  \\$aAmsterdam$bLescailje$c1709
=300  \\$a56 pages
=500  \\$aThis play is depicted in a painting by Cornelis Troost (1738) and has a sequel featuring Jan Klaasz en Saartje Jans: 'Kraam-bedt, of Kandeel-maal van Saartje Jans, van Jan Klaazen' (1684), in which the male protagonist is unfaithful
=500  \\$aThe title-page contains the motto "Perseveranter", the competitor to "Nil volentibus arduum" (also at the Amsterdam Stadsschouwburg) and Jacob van Rijndorp's "Nulla quies" (The Hague and Leiden)
=500  \\$aPiece in Amsterdam dialect, with allusions to local spots, such as the "Koorenbeurs," "Moorjaanen," and "Dirk van Assensteeg"
=500  \\$aThe opening scene suggests singing (Lyntje's "Tsa! Trompoen Trompetten", which Diwertje refers to in the following scene as "zingen")
=501  \\$aContains on objectionable passage on Jews ("Jooden") at p. 10
=534  \\$aPremiered in 1683, originally published in 1684
=590  \\$aVertoond op de Amsteldamsche Schouwburg. Den laatsten Druk
=610  \0$aStadsschouwburg Amsterdam (Netherlands)$1http://www.wikidata.org/entity/Q1817103$921020
=648  \0$a17th Century (1601-1700)$1http://www.wikidata.org/entity/Q7016$920923
=648  \0$a18th Century (1701-1800)$1http://www.wikidata.org/entity/Q7015$920899
=650  \0$aComedy$1http://www.wikidata.org/entity/Q40831$921436
=650  \0$aQuakers$1http://www.wikidata.org/entity/Q170208$921680
=651  \0$aAmsterdam (Netherlands)$1http://www.wikidata.org/entity/Q727$9135
=856  \\$uhttps://books.google.be/books?id=FgYUAAAAQAAJ$3Google Books
=942  \\$cBOO
=952  \\$00$10$2ddc$40$6KTS_1_000000000000000_C1_48_04D38$70$8RAR$9776$aORPH$bORPH$cKTS1_C1$d2020-07-08$eKoopman$i04D38$oKTS1 C1.48 04D38$p20137690$r2021-01-12 00:00:00$w2021-01-12$yBOO
=999  \\$d776

