=LDR  01959    a2200337   4500
=001  777
=003  OI
=005  20250121142059.0
=008  210225s1717\\\\\\\|||||\||||\00|\d\dut\d
=040  \\$aBF
=041  \\$adut$hfre
=100  \\$aRosimond$csieur$d1645-1686$4aut$1http://www.wikidata.org/entity/Q3442663$95511
=245  \\$aDe gewaande advocaat.$bKluchtspel
=260  \\$aAmsterdam$bOosterwijk$c1717
=300  \\$a48 pages
=336  \\$aprinted
=500  \\$aThe title-page contains the motto "Yver in liefd bloejende"
=500  \\$aClaude de La Rose dit Rosimond (c. 1640-1686) was a famous sociétaire at the Comédie-française, where he played many Molière roles
=500  \\$afrom 1681 until 1687, Pieter de la Croix was the manager of the Amsterdam Schouwburg together with Joan Pluymer and Lodewijk Meyer, two fellow members of Nil Volentibus Arduum
=561  \\$aex libris "A. van Lier, theaterdirecteur Amsterdam" (stamp), i.e., Abraham van Lier, founder in 1852 of the Grand Théâtre des Variétés at the former Hoogduitse Schouwburg (see also H1-006, H1-008 and H1-011)
=600  \0$aLier, Abraham van$d1812-1887$921184
=610  \0$aGrand Théâtre des Variétés (Amsterdam, Netherlands)$1http://www.wikidata.org/entity/Q93183071$920959
=648  \0$a18th Century (1701-1800)$1http://www.wikidata.org/entity/Q7015$920899
=650  \0$aPlay (theater)$1http://www.wikidata.org/entity/Q25379$921414
=651  \0$aNetherlands$1http://www.wikidata.org/entity/Q55$9173
=700  \\$4trl$aCroix, Pieter de la$d1636-1687$eTranslator$1http://www.wikidata.org/entity/Q79764629$95505
=765  \\$aSavetier avocat, ou L'Avocat sans étude pratique
=856  \\$uhttps://books.google.be/books?id=LX1oAAAAcAAJ$3Google Books
=942  \\$cBOO
=952  \\$00$10$2ddc$40$6KTS_1_000000000000000_C1_48_04D39$70$8RAR$9777$aORPH$bORPH$cKTS1_C1$d2020-07-08$eKoopman$i04D39$oKTS1 C1.48 04D39$p20137691$r2021-01-12 00:00:00$w2021-01-12$yBOO
=999  \\$d777

