=LDR  08329aam a2201537   4500
=001  781
=005  20250923161048.0
=008  211109s1847\\\\|||g||||\||||\00|\0\fre\d
=041  \\$afre
=100  \\$aFétis, François-Joseph$d1784-1871$4aut$1http://www.wikidata.org/entity/Q523581$95045
=245  \\$aLa Musique mise à la portée de tout le monde
=250  \\$a3rd ed.
=260  \\$aParis$bBrandus$c1847
=300  \\$a524 pages
=500  \\$aSee X3C07 for the 2nd edition (1834) and 02B19 for an Italian translation
=500  \\$aContains multiple markings in pencil: crosses indicating important passages and notes (e.g., p. 12: "à copier entièrement"; p. 38: "A voir le chapitre entier"), possibly for didactic uses.
=534  \\$aOriginally published in 1830
=590  \\$aExposé succinct de tout ce qui est necessaire pour juger de cet art, et pour en parler, sans en avoir fait une étude approfondie; par F.-J. Fétis, maître de chapelle du roi des Belges, directeur du Conservatoire royal de Bruxelles, etc., etc. Troisième édition authentique, revue, corrigée, augmentée de plusieurs chapîtres, d'un Dictionnaire des termes de musique, et d'une Bibliographie française de la musique entièrement refaite
=648  \0$a19th Century (1801-1900)$1http://www.wikidata.org/entity/Q6955$920935
=650  \0$aMethod$1http://www.wikidata.org/entity/Q2250960$921402
=650  \0$aMusic theory$1http://www.wikidata.org/entity/Q193544$92662
=650  \0$aMusic history$1http://www.wikidata.org/entity/Q846047$921373
=650  \0$aDictionary$1http://www.wikidata.org/entity/Q23622$921580
=650  \0$aBibliography$1http://www.wikidata.org/entity/Q134995$93965
=651  \0$aParis (France)$1http://www.wikidata.org/entity/Q90$9160
=653  \0$aa =$324, 25, 253, 370, 371$020137683$w40$928388
=653  \0$aakoestiek$3470$020137683$w40$928552
=653  \0$aappogiatura$3232, 344$020137683$w40$928742
=653  \0$aartikulatie$358, 232, 236, 265, 269, 345, 367, 407, 413$020137683$w40$928817
=653  \0$abezetting (instrumentaal)$3283, 284$020137683$w40$929526
=653  \0$abezetting (vocaal)$3287$020137683$w40$929529
=653  \0$ablokfluit$3172, 173$020137683$w40$929645
=653  \0$aboekoplage$313$020137683$w40$929699
=653  \0$abeiaard$3355, 356$020137683$w40$929377
=653  \0$abourrée$3351$020137683$w40$929844
=653  \0$acastraat$350, 229, 230, 231, 356, 365$020137683$w40$930281
=653  \0$acello $3166, 244-248, 255-257, 348, 497$020137683$w40$930345
=653  \0$amuziek = $316, 17$020137683$w40$934994
=653  \0$amuziekles$3486$020137683$w40$935084
=653  \0$anoëls$3400$020137683$w40$935260
=653  \0$acontinuo$3121, 205, 347, 348, 359, 360, 508, 509$020137683$w40$930685
=653  \0$acontrabas$3167, 257-258, 365, 373, 431, 497$020137683$w40$930692
=653  \0$aopera$3445-449$020137683$w40$935411
=653  \0$aorganist$3226, 227, 269-271, 502$020137683$w40$935454
=653  \0$aorgel$3183-190, 502$020137683$w40$935465
=653  \0$aorgelcontinuo$3205$020137683$w40$935550
=653  \0$aorgelregistratie$3185, 187, 383$020137683$w40$935575
=653  \0$adiminuties$3232, 233, 237, 323, 352$020137683$w40$931087
=653  \0$adirigent$3281-283, 284, 349, 359$020137683$w40$931092
=653  \0$apassacaglia$3405$020137683$w40$935786
=653  \0$adraailier$3164, 431$020137683$w40$931190
=653  \0$adubbelkorigheid$3149$020137683$w40$931247
=653  \0$apianoforte$3169, 170, 271-274, 501, 502$020137683$w40$935944
=653  \0$adwarsfluit$3172, 173, 174, 260-262, 499$020137683$w40$931340
=653  \0$adynamiek$3188, 260, 290$020137683$w40$931346
=653  \0$apolonaise$3409$020137683$w40$936057
=653  \0$aemoties$316, 17, 57, 234$020137683$w40$931445
=653  \0$aport de voix$3332, 409, 410$020137683$w40$936088
=653  \0$aprélude$3410$020137683$w40$936146
=653  \0$afagot$3175, 265, 500$020137683$w40$931585
=653  \0$aflageolet$3173, 174$020137683$w40$931739
=653  \0$asourdine$3421$020137683$w40$936386
=653  \0$aforlane$3380$020137683$w40$931824
=653  \0$afrans - italiaans$3445-449, 452-458, 516$020137683$w40$931871
=653  \0$agalliarde$3381$020137683$w40$931988
=653  \0$agamba$3164, 165, 166, 348, 431$020137683$w40$931995
=653  \0$atasto solo$3424$020137683$w40$936760
=653  \0$atekstaccentuatie$3413$020137683$w40$936779
=653  \0$atemperatuur$323, 24$020137683$w40$936807
=653  \0$atemperatuur$3360, 362, 363, 370, 424, 425, 475, 476, 486$020137683$w40$936807
=653  \0$agesticuleren$3278$020137683$w40$932158
=653  \0$agitaar$3163, 275, 276, 497, 498$020137683$w40$932207
=653  \0$atoucher_orgel$3269$020137683$w40$937047
=653  \0$atrillers$3232$020137683$w40$937141
=653  \0$atrombone$3182, 183, 268, 501$020137683$w40$937186
=653  \0$atrompet$3180, 181,  182, 267-268, 500$020137683$w40$937194
=653  \0$aharp$3157-160, 385-376, 477, 178, 198$020137683$w40$932582
=653  \0$avedel$3164$020137683$w40$937364
=653  \0$aViadana en bc spel$3121$020137683$w40$937527
=653  \0$avingerzetting$3372$020137683$w40$937568
=653  \0$aviola d'amore$3165, 431, 497$020137683$w40$937580
=653  \0$aviolone$3165, 166, 431$020137683$w40$937600
=653  \0$aviool$3164, 165, 166, 244-255, 496$020137683$w40$937605
=653  \0$avirginaal$3168$020137683$w40$937629
=653  \0$azangeres$3151, 231, 232, 354, 358$020137683$w40$938089
=653  \0$azangers$3228-243, 240, 241, 287, 288$020137683$w40$938095
=653  \0$aklarinet$3176, 177, 263-265, 361, 500$020137683$w40$933442
=653  \0$aklarinet riet boven/onder$3264$020137683$w40$933444
=653  \0$aklavecimbel$3168, 169, 356, 357, 361, 370, 372, 378, 418, 421, 478, 501$020137683$w40$933450
=653  \0$azuiverheid$3244, 286$020137683$w40$938176
=653  \0$arebec$3164, 413$020137683$w40$938270
=653  \0$arecitatief$3413$020137683$w40$938285
=653  \0$ariet$3264, 342$020137683$w40$938443
=653  \0$arigaudon$3416$020137683$w40$938449
=653  \0$alarghetto$3389$020137683$w40$933910
=653  \0$alargo$3389$020137683$w40$933911
=653  \0$asalaris$3227$020137683$w40$938697
=653  \0$asarabande$3417$020137683$w40$938753
=653  \0$aluit$3160-162, 344, 390, 425, 426, 497$020137683$w40$934262
=653  \0$aLully, J.B.$3516$020137683$w40$934276
=653  \0$aserpent$3183, 419, 501$020137683$w40$939067
=653  \0$amajeur afsluiting in mineur stuk$3426$020137683$w40$934382
=653  \0$aslagwerk$3191-193$020137683$w40$939152
=653  \0$asnaren$3366, 367$020137683$w40$939189
=653  \0$ameerkorigheid$3149, 150$020137683$w40$934594
=653  \0$amenuet$3218, 219, 394$020137683$w40$934673
=653  \0$ametronoom_17e en 18e eeuw$352, 53, 478, 479$020137683$w40$934719
=653  \0$amusette$3398$020137683$w40$934965
=653  \\$aartikulatielettergrepen$3261, 262$928824$020137683$w40
=653  \\$aaspiration$3345$928836$020137683$w40
=653  \\$achalumeau$3357$930388$020137683$w40
=653  \\$aclavecin electrique$3478$930514$020137683$w40
=653  \\$aclavecin vielle$3193$930520$020137683$w40
=653  \\$aclavecytherium$3167, 138, 361$930522$020137683$w40
=653  \\$acrwth$3164$930867$020137683$w40
=653  \\$afolia d'Espagne$3380$931798$020137683$w40
=653  \\$agavotte$3382$932051$020137683$w40
=653  \\$ahaut-contre$3150, 151, 239, 240$932628$020137683$w40
=653  \\$ahobo$3174, 175, 262-263, 499$932805$020137683$w40
=653  \\$ahoorn$3178-180, 265-267, 500$932928$020137683$w40
=653  \\$aklavichord$3168, 169, 375$933553$020137683$w40
=653  \\$aLeclair, J.M.$3250$933972$020137683$w40
=653  \\$amandoline$3161, 162, 392$934419$020137683$w40
=653  \\$amerula / rossignol$3394, 395$934695$020137683$w40
=653  \\$amutatie van zangstem$3398$934985$020137683$w40
=653  \\$asonnerie$3421$936359$020137683$w40
=653  \\$atrillo (chrevroter)$3359$937162$020137683$w40
=942  \\$cBOO
=952  \\$00$10$2ddc$40$6KTS_1_000000000000000_C1_48_04E01$70$8RAR$9781$aORPH$bORPH$cKTS1_C1$d2020-07-08$eKoopman$oKTS1 C1.48 04E01$p20137683$r2021-01-12 00:00:00$w2021-01-12$yBOO
=999  \\$d781
=533  \\$aDigitized by iGuana, Spring 2025.

