=LDR  01430aas a2200253   4500
=001  782
=008  211109s1714\\\\||||||||\||||\00|\0\eng\d
=041  \\$aeng
=100  \\$aSteele, Richard$d1672-1729$4edt$1http://www.wikidata.org/entity/Q333148$95443
=245  \\$aThe Guardian
=260  \\$aLondon$bTonson$c1714
=300  \\$a2 vols. ([vi]-512-[8]+[v]-510-[10] pages)
=500  \\$aWith contributions by Joseph Addison, Thomas Tickell, Alexander Pope and Ambrose Philips
=500  \\$aIs this really a print from 1714, or an early-nineteenth-century collection?
=561  \\$aEx libris Rev. Daniel Capper (plate) (ms. note "Mary Capper" on title-page)
=648  \0$a18th Century (1701-1800)$1http://www.wikidata.org/entity/Q7015$920899
=650  \0$aHistory$1http://www.wikidata.org/entity/Q309$921403
=650  \0$aJournalism$1http://www.wikidata.org/entity/Q11030$921960
=650  \0$aLiterature$1http://www.wikidata.org/entity/Q8242$94439
=651  \0$aLondon (United Kingdom)$1http://www.wikidata.org/entity/Q84$9123
=942  \\$cPER
=952  \\$00$10$2ddc$3vol. 1$40$6KTS_1_000000000000000_C1_48_04E02$70$8RAR$9782$aORPH$bORPH$cKTS1_C1$d2020-07-08$eKoopman$oKTS1 C1.48 04E02$p20137680$r2021-01-12 00:00:00$w2021-01-12$yPER
=952  \\$00$10$2ddc$3vol. 2$40$6KTS_1_000000000000000_C1_48_04E03$70$8RAR$920954$aORPH$bORPH$cKTS1_C1$d2020-07-08$eKoopman$oKTS1 C1.48 04E03$p20137700$r2021-11-09 00:00:00$w2021-01-12$yPER
=999  \\$d782

