=LDR  04065aam a2200433   4500
=001  786
=008  210513s1837\\\\\\\|||||\||||\00|\0\ger\d
=041  \\$ager
=100  \\$aAlbrechtsberger, Johann Georg$d1736-1809$4aut$1http://www.wikidata.org/entity/Q314164$95150
=245  \\$aSämmtliche Schriften über Generalbaß, Harmonie-Lehre, und Tonsetzkunst:$bzum Selbstunterrichte
=250  \\$a2nd ed.
=260  \\$aVienna$bHaslinger$c1837
=300  \\$a3 vols. (xvi-208+[ii]-273-[6]+[vi]-208 pages)$bmusical examples
=520  \\$aJohann Georg Albrechtsberger (1736-1809) was an Austrian composer and organist who enjoyed a wide reputation as music theorist, teaching Ludwig van Beethoven, Ignaz von Seyfried, Johann Nepomuk Hummel, Ignaz Moscheles, Anton Reicha, Franz Xaver Wolfgang Mozart, and Josef Weigl. In 1792, he became Kapellmeister of St. Stephen's Cathedral instead of Mozart, who had passed away. Possibly the most valuable service he rendered to music was in his theoretical works. In 1790 he published at Leipzig a treatise on composition, of which a third edition appeared in 1821. An English version of this was published by Novello in 1855. His compositional style derives from the counterpoint of Johann Joseph Fux, who was Kapellmeister at St Stephen's Cathedral from 1713 to 1741. Ignaz von Seyfried (1776-1841), who edited Albrechtsberger's works, was also a keyboard student of Mozart.
=534  \\$aOriginally published in 1826, see 08A15, H.02.070, and H.02.071
=561  \\$aH.02.032: Ex libris Carlo Ferdinand Bischof (stamp)
=590  \\$aSystematisch geordnet, mit zahlreichen, aus dessen mündlichen Mittheilungen geschöpften Erläuterungs-Beyspielen, und einer kurzen Anleitung zum Partitur-Spiel, nebst Beschreibung alles bist jetzt gebräuchlichen Instrumente. Mit 556 Notenbeispielen.
=648  \0$a18th Century (1701-1800)$1http://www.wikidata.org/entity/Q7015$920899
=648  \0$a19th Century (1801-1900)$1http://www.wikidata.org/entity/Q6955$920935
=650  \0$aMethod$1http://www.wikidata.org/entity/Q2250960$921402
=650  \0$aMusic theory$1http://www.wikidata.org/entity/Q193544$92662
=650  \0$aBasso continuo$1http://www.wikidata.org/entity/Q724321$921065
=650  \0$aHarmony$1http://www.wikidata.org/entity/Q184421$92358
=650  \0$aComposing$1http://www.wikidata.org/entity/Q92186587$93076
=650  \0$aSelf-education$1http://www.wikidata.org/entity/Q12150409$923512
=651  \0$aVienna (Austria)$1http://www.wikidata.org/entity/Q1741$920937
=700  \\$4edt$4cmp$4aut$aSeyfried, Ignaz von$d1776-1841$1http://www.wikidata.org/entity/Q697804$918185
=856  \\$uhttps://mdz-nbn-resolving.de/urn:nbn:de:bvb:12-bsb10598134-9$3vol. 1 (IIIF)
=856  \\$uhttps://api.digitale-sammlungen.de/iiif/presentation/v2/bsb10598134/manifest$3vol. 1 (IIIF manifest)
=856  \\$uhttps://mdz-nbn-resolving.de/urn:nbn:de:bvb:12-bsb10598135-4$3vol. 2 (IIIF)
=856  \\$uhttps://api.digitale-sammlungen.de/iiif/presentation/v2/bsb10598135/manifest$3vol. 2 (IIIF manifest)
=856  \\$uhttps://mdz-nbn-resolving.de/urn:nbn:de:bvb:12-bsb10598136-0$3vol. 3 (IIIF)
=856  \\$uhttps://api.digitale-sammlungen.de/iiif/presentation/v2/bsb10598136/manifest$3vol. 3 (IIIF manifest)
=942  \\$cBOO
=952  \\$00$10$2ddc$3Erster Band$40$6KTS_1_000000000000000_C1_48_04E08$70$8RAR$9786$aORPH$bORPH$cKTS1_C1$d2020-07-08$eKoopman$oKTS1 C1.48 04E08$p20137701$r2021-01-12 00:00:00$w2021-01-12$yBOO
=952  \\$00$10$2ddc$3Zweyter Band$40$6KTS_1_000000000000000_C1_48_04E09$70$8RAR$920955$aORPH$bORPH$cKTS1_C1$d2020-07-08$eKoopman$l0$oKTS1 C1.48 04E09$p20137702$r2021-11-09 00:00:00$w2021-01-12$yBOO
=952  \\$00$10$2ddc$3Dritter Band$40$6KTS_1_000000000000000_C1_48_04E10$70$8RAR$920956$aORPH$bORPH$cKTS1_C1$d2020-07-08$eKoopman$l0$oKTS1 C1.48 04E10$p20137703$r2021-11-09 00:00:00$w2021-01-12$yBOO
=952  \\$00$10$2ddc$3Erster Band$40$6KTS_1_000000000000000_H_02_032$70$8RAR$923255$aORPH$bORPH$cKTS1_H$eHuys$l0$oKTS1 H.02.032$p20146481$r2024-04-08 00:00:00$w2021-01-12$yBOO$d2020-07-08
=999  \\$d786

