=LDR  01032    a2200241   4500
=001  788
=008  211109s1782\\\\|||g||||\||||\00|\0\ger\d
=041  \\$ager
=100  \\$aPetri, Johann Samuel$4aut$95520
=245  \\$aAnleitung zur praktischen Musik
=250  \\$a2nd ed.
=260  \\$aLeipzig$bBreitkopf$c1782
=300  \\$a[xiv]-484-[5] pages$bmusic examples
=336  \\$aprinted
=500  \\$aCited in Koopman 1985, 103
=561  \\$aEx libris C. Ch. Seijdel (ms.)
=648  \0$a18th Century (1701-1800)$1http://www.wikidata.org/entity/Q7015$920899
=650  \0$aMethod$1http://www.wikidata.org/entity/Q2250960$921402
=650  \0$aMusic education$1http://www.wikidata.org/entity/Q27908$921766
=856  \\$uhttps://reader.digitale-sammlungen.de/en/fs1/object/display/bsb10527660_00003.html$3Bavarian State Library
=942  \\$cBOO
=952  \\$00$10$2ddc$40$6KTS_1_000000000000000_C1_48_04E12$70$8RAR$9788$aORPH$bORPH$cKTS1_C1$d2020-07-08$eKoopman$i04E12$oKTS1 C1.48 04E12$p20137695$r2021-01-12 00:00:00$w2021-01-12$yBOO
=999  \\$d788

