=LDR  01766    a2200277   4500
=001  790
=008  211109s1827\\\\\\\c||||\||||\00|\0aeng\d
=041  \\$aeng
=100  \\$aDibdin, Thomas$d1771-1841$4aut$1http://www.wikidata.org/entity/Q683268$95521
=245  \\$aThe Reminiscences of Thomas Dibdin $n1-2/2
=260  \\$aLondon$bColburn$c1827
=300  \\$a2 vols. (xii-446 + xi-431 pages)$bengraved frontispiece in vol.1, gilded edges
=500  \\$aDibdin was an English actor, prompter, dramatist, playhouse-entrepreneur and songwriter. 
=500  \\$aportrait engraving in vol.1 by H. Meyer from a drawing by Wageman
=590  \\$aof the Theatres Royal, Covent-Garden, Drury-Lane, Haymarket, &c. and author of The Cabinet, &c.
=648  \0$a18th Century (1701-1800)$1http://www.wikidata.org/entity/Q7015$920899
=648  \0$a19th Century (1801-1900)$1http://www.wikidata.org/entity/Q6955$920935
=650  \0$aTheater history$1http://www.wikidata.org/entity/Q1061140$94607
=650  \0$aBiography$1http://www.wikidata.org/entity/Q36279$91927
=651  \0$aUnited Kingdom$1http://www.wikidata.org/entity/Q21$9273
=856  \\$uhttps://archive.org/details/reminiscencesoft01dibd/page/n7; https://archive.org/details/reminiscencesoft02dibd/page/n6$3Internet Archive
=856  \\$uhttps://books.google.be/books?id=lbNLAAAAYAAJ$3Google Books
=942  \\$cBOO
=952  \\$00$10$2ddc$3vol.1$40$6KTS_1_000000000000000_C1_48_04E14$70$8RAR$9790$aORPH$bORPH$cKTS1_C1$d2020-07-08$eKoopman$i04E14$oKTS1 C1.48 04E14$p20137704$r2021-01-12 00:00:00$w2021-01-12$yBOO
=952  \\$00$10$2ddc$3vol.2$40$6KTS_1_000000000000000_C1_48_04E15$70$8RAR$920957$aORPH$bORPH$cKTS1_C1$d2020-07-08$eKoopman$i04E15$l0$oKTS1 C1.48 04E15$p20137705$r2021-11-09 00:00:00$w2021-01-12$yBOO
=999  \\$d790

