=LDR  01136aam a2200241   4500
=001  796
=008  211110s1785\\\\||||||||\||||\00|\e\ita\d
=041  \\$aita
=100  \\$aMattei, Saverio$d1742-1795$4aut$1http://www.wikidata.org/entity/Q3951053$95527
=245  \\$aSaggio di poesie con alcuni opuscoli di vario genere$nvol. 1
=260  \\$aTurin$bBriolo$c1785
=300  \\$a302-[2] pages
=500  \\$aAdditional volumes appeared until 1787
=648  \0$a18th Century (1701-1800)$1http://www.wikidata.org/entity/Q7015$920899
=650  \0$aPoetry$1http://www.wikidata.org/entity/Q482$93026
=650  \0$aCantata$1http://www.wikidata.org/entity/Q174873$921603
=650  \0$aLibretto$1http://www.wikidata.org/entity/Q131084$94031
=650  \0$aComposer$1http://www.wikidata.org/entity/Q36834$93625
=650  \0$aMusic history$1http://www.wikidata.org/entity/Q846047$921373
=651  \0$aItaly$1http://www.wikidata.org/entity/Q38$922
=942  \\$cBOO
=952  \\$00$10$2ddc$40$6KTS_1_000000000000000_C1_48_04E21$70$8RAR$9796$aORPH$bORPH$cKTS1_C1$d2020-07-08$eKoopman$oKTS1 C1.48 04E21$p20137708$r2021-01-12 00:00:00$w2021-01-12$yBOO
=999  \\$d796

