=LDR  01918aam a2200265   4500
=001  799
=005  20251001162312.0
=008  211110s1785\\\\\\\|||||\||||\00|\0\fre\d
=041  \\$afre
=100  \\$aChabanon, Michel Paul Gui de$d1730-1792$4aut$1http://www.wikidata.org/entity/Q3310534$95529
=245  \\$aDe la musique considérée en elle-même et dans ses rapports avec la parole, les langues la poésie, et le théatre
=250  \\$a1st ed.
=260  \\$aParis$bPissot$c1785
=300  \\$a459-[1] pages$b1 folded sheet of music
=500  \\$aMichel-Paul Guy de Chabanon (Saint-Domingue, 1730-10 June 1792, Paris) was a violinist, composer, music theorist, and connoisseur of French literature. He was elected to the Académie des inscriptions et belles-lettres (1760) and the Académie française (1779). His double identity as a writer and a musician gave him a unique viewpoint on the links between music and language and in developing a philosophy of music of which his work was the expression. He also contributed to defining opera as a musical genre.
=500  \\$aIn the 'Réflexions préliminaires', Chabanon considers this book as an extension of his earlier 'Observations sur la musique, et principalement sur la métaphysique de l'art' (1779; see 15G24a)
=500  \\$aPencil markings inside the book
=648  \0$a18th Century (1701-1800)$1http://www.wikidata.org/entity/Q7015$920899
=650  \0$aMusic philosophy and aesthetics$1http://www.wikidata.org/entity/Q2092865$921165
=650  \0$aLinguistics$1http://www.wikidata.org/entity/Q8162$93902
=651  \0$aParis (France)$1http://www.wikidata.org/entity/Q90$9160
=856  \\$uhttps://gallica.bnf.fr/view3if/ga/ark:/12148/bpt6k8137v$3IIIF
=942  \\$cBOO
=952  \\$00$10$2ddc$40$6KTS_1_000000000000000_C1_48_04E27$70$8RAR$9799$aORPH$bORPH$cKTS1_C1$d2020-07-08$eKoopman$oKTS1 C1.48 04E27$p20137710$r2021-01-12 00:00:00$w2021-01-12$yBOO
=999  \\$d799

