=LDR  28887aam a2204705   4500
=001  803
=008  210419s1786\\\\\\\|||||\||||\00|\0ddut\d
=041  \\$adut$heng
=100  \\$aBurney, Charles$d1726-1814$4aut$1http://www.wikidata.org/entity/Q547002$910020
=245  \\$aRijk gestoffeerd verhaal van de eigenlijke gesteldheid der hedendaagsche Toonkonst;$bof Karel Burney's Dagboek van zyne onlangs gedaane musicaale Reizen door Frankrijk, Italie en Duitschland
=260  \\$aGroningen$bOomkens$c1786
=300  \\$axvi-472 pages$b1 folded page with music examples
=500  \\$aJacob Wilhelm Lustig (1706-1796) is one of Ton Koopman's favorite authors ("he wrote in Dutch beautifully" - Koopman 2016, 675)
=534  \\$aEnglish version originally published in 1771 and 1773
=590  \\$aAls tot een verlustigend, laatste Geschenk aan Nederlands waare Musiekvrienden, vertaald en opgeluisterd
=648  \0$a18th Century (1701-1800)$1http://www.wikidata.org/entity/Q7015$920899
=650  \0$aTravel$1http://www.wikidata.org/entity/Q61509$94440
=650  \0$aMusic history$1http://www.wikidata.org/entity/Q846047$921373
=651  \0$aEurope$1http://www.wikidata.org/entity/Q46$991
=653  \0$a(pedaal)harp$3217, 280, 281, 311, 313$020137721$w04F05$928351
=653  \0$aa =$393, 204$020137721$w04F05$928388
=653  \0$aAbel$3166, 242, 244, 421, 445$020137721$w04F05$928420
=653  \0$aaccelerando$3133$020137721$w04F05$928437
=653  \0$aacciaccatura$377$020137721$w04F05$928450
=653  \0$aad lib bezetting$3243$020137721$w04F05$928466
=653  \0$aademhalen$3105, 355$020137721$w04F05$928491
=653  \0$aafwisseling$3318, 387$020137721$w04F05$928514
=653  \0$aAgrell$3425$020137721$w04F05$928529
=653  \0$aAgricola$3298, 332-335, 362, 373$020137721$w04F05$928531
=653  \0$aakoestiek$319, 67, 88, 268, 321, 362, 393, 400$020137721$w04F05$928552
=653  \0$aAlberti$3270$020137721$w04F05$928559
=653  \0$aalcohol$3379$020137721$w04F05$928577
=653  \0$aAllegri, G.$3132, 133, 134, 135, 136, 174, 177, 294$020137721$w04F05$928605
=653  \0$aallemande$35$020137721$w04F05$928608
=653  \0$aalternatimpraxis$317, 18$020137721$w04F05$928628
=653  \0$aartikulatie$3Tab I$020137721$w04F05$928817
=653  \0$aBach, C.P.E.$3234?, 301, 330, 337, 372, 380-393, 432, 433, 446$020137721$w04F05$928902
=653  \0$aBach, J.Chr.$339, 40, 44, 47, 166, 234, 445$020137721$w04F05$928919
=653  \0$aBach, J.S. $3179, 217, 234, 330, 363, 385, 426, 432, 447$020137721$w04F05$928930
=653  \0$abezetting (voc.)$314, 42, 43, 117, 120, 141, 160, 165, 173, 181, 183, 184, 204, 228, 240, 251, 254, 268, 300, 315, 377$020137721$w04F05$929527
=653  \0$abezetting bc$3181$020137721$w04F05$929530
=653  \0$aBach, W.F.$3422$020137721$w04F05$928997
=653  \0$abibliotheek$35, 12, 30, 38, 42, 43, 53, 54, 96, 99, 111, 125, 126, 127, 128, 130, 136, 138, 175, 187, 188, 200, 206, 208, 209, 211, 216, 217, 218, 226, 227, 233, 241, 243, 245, 248, 277, 278, 284, 290, 291, 293, 294, 298, 299, 352, 424$020137721$w04F05$929548
=653  \0$aBalbastre$316, 17, 18, 19$020137721$w04F05$929037
=653  \0$aBinder$3320-323$020137721$w04F05$929580
=653  \0$aBlainville$316$020137721$w04F05$929602
=653  \0$aBoccherini$321$020137721$w04F05$929653
=653  \0$aboekprijs$399, 329, 385, 390-392$020137721$w04F05$929701
=653  \0$abeiaard$3197-199, 218, 219, 220, 402-405, 407-410, 416, 418$020137721$w04F05$929377
=653  \0$aBenda, F.$3333, 335, 337, 346-351, 353, 367, 372, 446, 420$020137721$w04F05$929410
=653  \0$aBenda, J.$3333, 335, 337, 346-351, 353, 367, 372, 446, 420$020137721$w04F05$929415
=653  \0$aBenevoli, O.$3121, 177, 181, 294$020137721$w04F05$929425
=653  \0$aBreitkopf$3329$020137721$w04F05$929924
=653  \0$abespelen van meer instrumenten$321, 93, 103, 157, 203, 231, 272, 281, 347, 384, 418, 426$020137721$w04F05$929496
=653  \0$aBull$3212$020137721$w04F05$930013
=653  \0$aBurney, C.$3xiii, xiv, 17, 25, 395$020137721$w04F05$930058
=653  \0$aBuxtehude$3377$020137721$w04F05$930083
=653  \0$aByrd, W.$3294$020137721$w04F05$930089
=653  \0$acadens$385, 91, 148, 173, 276, 288, 346, 355$020137721$w04F05$930106
=653  \0$aCaffarelli$3165, 166, 168, 169, 271, 379$020137721$w04F05$930113
=653  \0$aCaldara, A.$3294$020137721$w04F05$930130
=653  \0$aCannabich$3226$020137721$w04F05$930181
=653  \0$acastraten$340, 45, 56, 53, 56, 64, 71, 100, 121, 129, 145, 146, 159, 181, 183, 228, 233, 234, 240, 335, 337$020137721$w04F05$930282
=653  \0$acello$345, 65, 67, 129, 166, 181, 349, 421, 425$020137721$w04F05$930344
=653  \0$amuziek en geneeskunst$3xi, 344, 345$020137721$w04F05$935002
=653  \0$amuziekautomaten$3199, 408$020137721$w04F05$935067
=653  \0$amuziekdruk$344, 45$020137721$w04F05$935070
=653  \0$aClicquot$38, 19$020137721$w04F05$930551
=653  \0$aNardini$361, 62, 122, 123, 124, 125, 157, 232$020137721$w04F05$935147
=653  \0$aNaumann$3241, 242, 243, 316, 321$020137721$w04F05$935158
=653  \0$aColonna$3291, 294$020137721$w04F05$930601
=653  \0$aNeefe$3425$020137721$w04F05$935190
=653  \0$acomponeren$3277, 302, 303$020137721$w04F05$930621
=653  \0$acomponiste$320, 240, 243, 244, 287, 290, 301, 402$020137721$w04F05$930632
=653  \0$acompositieloon$3304$020137721$w04F05$930641
=653  \0$acompositienotatiemachine$3365, 366$020137721$w04F05$930644
=653  \0$aconcert spirituel$39, 10, 20, 32$020137721$w04F05$930651
=653  \0$aconcerten$3x, xi, 9, 10, 44, 45, 52, 75, 313, 317$020137721$w04F05$930655
=653  \0$acontrabas$3150, 169, 170, 181, 197, 200, 204, 206, 207, 222$020137721$w04F05$930692
=653  \0$aopera$322, 23, 49, 72$020137721$w04F05$935411
=653  \0$aCorri$3129$020137721$w04F05$930761
=653  \0$aorganist$3393, 394$020137721$w04F05$935454
=653  \0$aorganist - organiste$3140$020137721$w04F05$935455
=653  \0$aorgel in eredienst$31, 2, 3, 8, 27, 132, 178, 221, 223, 316, 320, 323, 394$020137721$w04F05$935479
=653  \0$aorgel in middeleeuwen$31, 116, 397$020137721$w04F05$935482
=653  \0$aCuzzoni$3376$020137721$w04F05$930878
=653  \0$adansen$35, 16, 41, 52, 123, 152, 153, 165, 203$020137721$w04F05$930928
=653  \0$aorgelregistratie en bc$366, 72, 172$020137721$w04F05$935577
=653  \0$aorgels in Antwerpen kathedraal$3206$020137721$w04F05$935584
=653  \0$aorgels_algemeen$3255, 256, 258, 278, 291, 301, 310, 311, 316, 319, 321, 322, 329, 330, 338, 367, 368, 380, 392, 393, 396, 400, 401, 404-406, 412-417, 426, 431$020137721$w04F05$935593
=653  \0$aorgelspel in Engeland$325$020137721$w04F05$935599
=653  \0$aOspedale in Napels$3141-143, 144, 145, 150, 151, 154, 158-160, 166$020137721$w04F05$935636
=653  \0$aOspedale in Venetie$369, 70, 74, 81, 82, 83-85, 87, 88, 89, 90, 91, 93, 94$020137721$w04F05$935637
=653  \0$aoud-nieuw$3xiii, xiv, 9, 13, 14, 15, 18, 86, 137, 178, 192, 215, 289, 351, 356, 357, 362, 372$020137721$w04F05$935651
=653  \0$aoude muziek vroeger$39, 12, 14, 112, 121, 133, 177, 181, 294, 302, 306, 353-355, 360, 361, 372$020137721$w04F05$935658
=653  \0$aDiderot$3184$020137721$w04F05$931062
=653  \0$adiminuties$3128, 133, 135, 172, 275, 287$020137721$w04F05$931087
=653  \0$adirigent$332, 33, 66, 67, 114, 134, 181, 337, 354, 367$020137721$w04F05$931092
=653  \0$aDittersdorf$3292$020137721$w04F05$931118
=653  \0$adoedelzak$3344, 347$020137721$w04F05$931125
=653  \0$aDoles$3425$020137721$w04F05$931134
=653  \0$apeau de buffle$317$020137721$w04F05$935813
=653  \0$aPergolesi$3140, 294, 370, 373$020137721$w04F05$935854
=653  \0$aPhilidor$311$020137721$w04F05$935921
=653  \0$aDurante$3154$020137721$w04F05$931319
=653  \0$adwarsfluit$3122, 124, 352-356$020137721$w04F05$931340
=653  \0$adynamiek$310, 11-36, 85, 204, 205, 230, 280, 318, 361, tab iii$020137721$w04F05$931346
=653  \0$apolonaise$3253, 254, 327$020137721$w04F05$936057
=653  \0$aemoties$323, 24, 25, 35, 50, 73, 87, 106, 157 sic, 249, 252, 272, 283, 284, 303, 344, 345, 347, 356, 361, 364, 375, 386, 387, 388-390, 448$020137721$w04F05$931445
=653  \0$aportamento$37, 45, 142, 161, 225, 268, 288, 402$020137721$w04F05$936099
=653  \0$aentreeprijs$3123, 269, 321$020137721$w04F05$931491
=653  \0$afagot$3207, 208, 220$020137721$w04F05$931585
=653  \0$afalset$37, 413$020137721$w04F05$931595
=653  \0$aprocessie en muziek$3286$020137721$w04F05$936217
=653  \0$aprogrammatische muziek$3429$020137721$w04F05$936222
=653  \0$apsalterium$337, 219, 323, 324, 347$020137721$w04F05$936252
=653  \0$apubliek$36, 7, 8, 9, 10, 11, 20, 22, 26, 33, 34, 37, 42, 43, 47, 127, 149, 164, 183, 291$020137721$w04F05$936257
=653  \0$aPugnani$332, 37$020137721$w04F05$936259
=653  \0$aQuantz, J.J.$364, 245, 330, 333-337, 350, 351, 353-355, 358, 360, 362, 372, 373$020137721$w04F05$936296
=653  \0$aForkel$3139$020137721$w04F05$931820
=653  \0$aStamitz$3229, 230, 312-314, 446$020137721$w04F05$936501
=653  \0$aStanley, J.$3406$020137721$w04F05$936511
=653  \0$afrans - italiaans$33, 4, 5, 6, 7, 10, 11, 13, 14, 16, 20, 22, 24, 25, 26, 32, 34, 46, 184, 185, 186, 192, 201, 203, 215, 274, 343, 344, 440, 445$020137721$w04F05$931871
=653  \0$astreektechniek$3253, 357$020137721$w04F05$936623
=653  \0$aFux, J.J.$3268, 294$020137721$w04F05$931956
=653  \0$aSweelinck$3397, 398$020137721$w04F05$936690
=653  \0$aSwieten, van$3278$020137721$w04F05$936701
=653  \0$aGaluppi$368, 72, 75, 81, 82, 84, 85, 88, 89-91, 155, 251$020137721$w04F05$931992
=653  \0$agamba$3242, 244$020137721$w04F05$931995
=653  \0$aGassmann, Fl.$341, 268, 292, 293, 294, 298, 299, 304, 312$020137721$w04F05$932022
=653  \0$atekstuitspraak$373$020137721$w04F05$936786
=653  \0$aTelemann, G.P.$3294, 295, 374, 378, 401, 428, 444$020137721$w04F05$936796
=653  \0$atemperatuur$33, 126, 224, 404, fig vi$020137721$w04F05$936807
=653  \0$atempo$332, 33, 67, 253, 390$020137721$w04F05$936814
=653  \0$aGiardini$3346$020137721$w04F05$932181
=653  \0$agitaar$372, 254, 273, 282, 291$020137721$w04F05$932207
=653  \0$aTodini$3182$020137721$w04F05$936967
=653  \0$aGluck$3261, 265, 267, 270, 272-277, 281, 282, 283-286, 300, 303, 304, 446$020137721$w04F05$932235
=653  \0$aGossec$3214$020137721$w04F05$932278
=653  \0$atoucher$318, 179, 180, 201, 223, 287, 319, 322, 405, 406$020137721$w04F05$937044
=653  \0$aTraëtta$375$020137721$w04F05$937061
=653  \0$aGraun, C.H.$3335, 337, 350, 360, 369-373$020137721$w04F05$932342
=653  \0$aGraun, J.G.$3335, 337, 350, 360, 369-373$020137721$w04F05$932345
=653  \0$agregoriaans$31, 2, 3, 15, 26$020137721$w04F05$932368
=653  \0$aGrétry$322, 23, 24, 185, 195, 202, 203, 215, 216, 219, 225$020137721$w04F05$932387
=653  \0$atrillers_algemeen$3234, 268, 291, 297, 298, 315, 335, 341, 356, 399, 407$020137721$w04F05$937154
=653  \0$atrillers_en dynamiek$34070$020137721$w04F05$937155
=653  \0$aHändel, G.F.$3x, 24, 25, 52, 75, 86, 155, 179, 231, 242, 272, 294, 392, 303, 319, 332, 338, 370, 373, 374, 375, 376, 377, 378, 440, 444, 446$020137721$w04F05$932536
=653  \0$atrompet$3336, 338$020137721$w04F05$937194
=653  \0$aVallotti$362, 65, 66$020137721$w04F05$937329
=653  \0$aVanhall$3257, 304, 305, 306$020137721$w04F05$937347
=653  \0$aVanhall$3318$020137721$w04F05$937347
=653  \0$aHaydn, J.$3257, 270, 271, 283, 292$020137721$w04F05$932639
=653  \0$aVerona$357, 58$020137721$w04F05$937425
=653  \0$averzamelen$390, 125, 136, 162, 163, 167, 168, 182, 208, 210, 211, 255, 257, 307, 380, 388$020137721$w04F05$937514
=653  \0$aHertel$3421$020137721$w04F05$932741
=653  \0$aHildebrandt, Z.$3392$020137721$w04F05$932776
=653  \0$aHiller$3327-330, 424, 428, 444$020137721$w04F05$932778
=653  \0$ahobo$36, 7, 9, 10, 36, 66, 292, 313, 314, 317, 318$020137721$w04F05$932805
=653  \0$aviola d'amore$3103, 124$020137721$w04F05$937580
=653  \0$aHomilius$3327$020137721$w04F05$932877
=653  \0$aviool$320, 27, 44, 61, 62, 80, 89, 112, 129, 153, 159, 167, 169, 210$020137721$w04F05$937605
=653  \0$avioolhouding$3153$020137721$w04F05$937615
=653  \0$aHummel J.J.$3404$020137721$w04F05$933002
=653  \0$aVivaldi$3348$020137721$w04F05$937654
=653  \0$aVivaldi_invloed op Graun$3372$020137721$w04F05$937655
=653  \0$aVivaldi_invloed op Quantz$3372$020137721$w04F05$937656
=653  \0$aVivaldi_Vier seizoenen$3429$020137721$w04F05$937658
=653  \0$aHurlebusch, C.F.$325, 179, 238, 391, 422$020137721$w04F05$933020
=653  \0$aimprovisatie$38, 17, 18, 92, 209, 221, 236, 310, 363, 388, 390, 406, 418$020137721$w04F05$933059
=653  \0$aVogler, Abbé$3xi, 409$020137721$w04F05$937702
=653  \0$ainterpretatie vroeger$3133, 135, 177, 360, 361$020137721$w04F05$933102
=653  \0$aItaliaanse invloed in Duitsland$3428-442, 446$020137721$w04F05$933141
=653  \0$avuurwerk$3120$020137721$w04F05$937821
=653  \0$aWagenseil$3271, 293, 299, 305$020137721$w04F05$937831
=653  \0$aWagner, J.$3338, 363$020137721$w04F05$937839
=653  \0$ajicht$3293, 340$020137721$w04F05$933217
=653  \0$aJomelli$349, 111, 140, 155, 156, 160, 164, 232, 233, 294, 332, 370$020137721$w04F05$933231
=653  \0$ajongenssopraan$32, 27, 54, 55, 58, 121, 213, 258, 259, 324, 325, 326, 347$020137721$w04F05$933241
=653  \0$aWendling, J.B.$3226$020137721$w04F05$937924
=653  \0$aJust$3416$020137721$w04F05$933270
=653  \0$aKeiser, R.$3302, 374, 444$020137721$w04F05$933338
=653  \0$aKennis$3218$020137721$w04F05$933357
=653  \0$akerkmuziek$3294-296$020137721$w04F05$933370
=653  \0$awonderkind$3271, 280, 299, 420$020137721$w04F05$938047
=653  \0$aKirchner$3182$020137721$w04F05$933419
=653  \0$aKirnberger, J.P.$3364$020137721$w04F05$933424
=653  \0$azangers_algemeen$3423$020137721$w04F05$938101
=653  \0$aZarlino$3126$020137721$w04F05$938113
=653  \0$aklavecimbel in kerk$3173$020137721$w04F05$933465
=653  \0$azuiverheid$3147, 148, 150, 203, 204, 206, 207, 208, 219, 223, 224, 230, 258, 291, 296, 316, 323, 328, 333, 338$020137721$w04F05$938176
=653  \0$aklavecimbel_Engeland 18e eeuw$3138, 212 sic, 359$020137721$w04F05$933483
=653  \0$aklavecimbel_Frankrijk 18e eeuw$317, 18, 19, 20, 187, 196$020137721$w04F05$933487
=653  \0$aklavecimbel_Italie 16e eeuw$3126$020137721$w04F05$933492
=653  \0$aklavecimbel_Italie 18e eeuw$384, 86, 87, 138, 139, 157, 159, 164, 182, 276, 280$020137721$w04F05$933495
=653  \0$aRameau, J.P.$317, 186, 215, 273, 274$020137721$w04F05$938224
=653  \0$aklavecimbel_Spaans 18e eeuw$3104$020137721$w04F05$933515
=653  \0$aklavecimbel_Vlaams 17e eeuw$3104, 211, 212$020137721$w04F05$933516
=653  \0$aklavecimbel-bc in opera$3201$020137721$w04F05$933525
=653  \0$aRauzzini$3240, 242, 243, 248$020137721$w04F05$938259
=653  \0$aklavichord_Bohemen 18e eeuw$3310$020137721$w04F05$933569
=653  \0$aklavichord_Italie 18e eeuw$390$020137721$w04F05$933581
=653  \0$aKleinknecht$3425, 426$020137721$w04F05$933616
=653  \0$aReichardt$3425$020137721$w04F05$938335
=653  \0$aReincken$3398, 399$020137721$w04F05$938349
=653  \0$akoffie$34$020137721$w04F05$933661
=653  \0$aKohaut$3292$020137721$w04F05$933664
=653  \0$aReutter$3306$020137721$w04F05$938395
=653  \0$akoor/orkestbezetting$3x, 27, 40, 42, 44, 47, 64, 67, 82, 87, 87, 93, 111, 112, 117, 121, 126, 130, 132, 142, 148, 149, 168, 169, 172, 203, 207, 212, 226, 244, 257, 291, 320, 321, 335, 350, 381, 419$020137721$w04F05$933678
=653  \0$akoor/orkestopstelling$332, 67, 112, 121, 174, 204$020137721$w04F05$933679
=653  \0$aRinck$3363$020137721$w04F05$938459
=653  \0$aKrebs$3426$020137721$w04F05$933751
=653  \0$aRolle$3424$020137721$w04F05$938513
=653  \0$aRoman$3238$020137721$w04F05$938519
=653  \0$aKuhnau, J.$3378, 429$020137721$w04F05$933783
=653  \0$akwaliteit van uitvoering$32, 3, 4, 5, 10, 11, 21, 26, 37, 46, 50, 65, 68, 69, 72, 74, 83, 89, 133, 146, 148, 149, 181, 195, 207, 226, 229, 230, 232, 248, 256, 268, 278, 310, 311, 315, 327, 328, 337, 400, 419$020137721$w04F05$933816
=653  \0$aRousseau, J.J.$322, 63, 187, 238, 410$020137721$w04F05$938595
=653  \0$aRoussier$322$020137721$w04F05$938598
=653  \0$aRoyer$312, 13, 14$020137721$w04F05$938607
=653  \0$arubato$3133, 148, 270$020137721$w04F05$938615
=653  \0$aRuckers, fam$317, 211, 212$020137721$w04F05$938621
=653  \0$arugwerk$3426$020137721$w04F05$938635
=653  \0$aSacchini$371, 79, 80, 87, 88, 89, 90, 127, 155, 156, 228, 233$020137721$w04F05$938668
=653  \0$asalaris$34, 20, 26, 32, 61, 64, 91, 108, 165, 232, 253, 250, 288, 293, 398, 423, 433, 434$020137721$w04F05$938697
=653  \0$aSalieri. A.$3268, 315$020137721$w04F05$938704
=653  \0$aSammartini, B.$339, 46, 47, 50, 78, 139$020137721$w04F05$938726
=653  \0$aLeo, L.$3140, 373$020137721$w04F05$934052
=653  \0$aScarlatti, A.$3109, 140, 173, 270, 280, 292, 294, 301, 302, 386, 387, 447$020137721$w04F05$938789
=653  \0$aScarlatti, D.$3109, 140, 173, 270, 280, 292, 294, 301, 302, 386, 387, 447$020137721$w04F05$938790
=653  \0$aLocatelli$3390, 405$020137721$w04F05$934167
=653  \0$aScheibe, A.$3237, 340$020137721$w04F05$938810
=653  \0$aScheidemann, H.$3398$020137721$w04F05$938819
=653  \0$aLöhlein$3425$020137721$w04F05$934185
=653  \0$aLolli, A.$3232, 233$020137721$w04F05$934192
=653  \0$aLotti, A.$373, 90, 294$020137721$w04F05$934227
=653  \0$aLübeck$3426$020137721$w04F05$934243
=653  \0$aluit$3254$020137721$w04F05$934262
=653  \0$aLully, J.B.$3371$020137721$w04F05$934276
=653  \0$aLustig, J.W.$3wb, 24, 25, 400-402, 450, 472$020137721$w04F05$934291
=653  \0$aserpent$32, 3, 8, 193, 197, 200, 206, 207, 208, 210$020137721$w04F05$939067
=653  \0$aSilbermann, G.$3201, 202, 319, 321, 322, 352, 388$020137721$w04F05$939116
=653  \0$aSirmen, Magdalena$394, 125$020137721$w04F05$939142
=653  \0$aslagwerk$3336, 338$020137721$w04F05$939152
=653  \0$aSmith, father$3179$020137721$w04F05$939169
=653  \0$aMarcello, B.$378, 81$020137721$w04F05$934447
=653  \0$amise-en-scene$313, 41, 102, 164, 204, 229$020137721$w04F05$939271
=653  \0$aMarpurg$3xiii, 339, 340, 363, 365, 369$020137721$w04F05$934481
=653  \0$aMartini, Padre$338, 43, 78, 96, 97-99, 100, 103, 104, 111, 114, 115, 131, 155, 395$020137721$w04F05$934501
=653  \0$aMattheson, J.$3339 (sic), 340, 374-378, 392, 394-396, 404, 448$020137721$w04F05$934535
=653  \0$ameer benutten zelfde partituur$353$020137721$w04F05$934589
=653  \0$amenuet$35, 174$020137721$w04F05$934673
=653  \0$amessa di voce$3107, 317, 318$020137721$w04F05$934702
=653  \0$aMetastasio$3260-265, 267, 269, 284, 286, 288, 290, 300, 301, 306$020137721$w04F05$934709
=653  \0$ametronoom_18e eeuw$333$020137721$w04F05$934721
=653  \0$amilitaire muziek$3193-195, 196, 199, 200, 204, 219, 224, 233, 253, 256, 345, 358, 359, 444, 445$020137721$w04F05$934762
=653  \0$aMingotti$3248-252, 321$020137721$w04F05$934769
=653  \0$aMizler, L.$3xi, xiii$020137721$w04F05$934784
=653  \0$aMonsigny$324$020137721$w04F05$934830
=653  \0$aMozart, L.$3115, 420$020137721$w04F05$934924
=653  \0$aMozart, W.A.$3115, 420$020137721$w04F05$934927
=653  \\$aAmalia van Pruisen$3352, 364, 385$928638$020137721$w04F05
=653  \\$aArnault$321, 22$928782$020137721$w04F05
=653  \\$aarpa doppia$3123$928796$020137721$w04F05
=653  \\$aartikulatielettergrepen$39$928824$020137721$w04F05
=653  \\$aAtilla$373, 74, 75, 82$928852$020137721$w04F05
=653  \\$aBarvella$3157, 158, 168, 170$929124$020137721$w04F05
=653  \\$aBecke, van$3258, 280$929320$020137721$w04F05
=653  \\$aBerghuis$3417$929441$020137721$w04F05
=653  \\$aBertoni$370$929481$020137721$w04F05
=653  \\$aBertuch$3362$929486$020137721$w04F05
=653  \\$aBesozzi$39, 10, 32, 35, 36, 314, 317-319, 321$929490$020137721$w04F05
=653  \\$aBode$3216$929666$020137721$w04F05
=653  \\$aBordoni, Faustina$3109, 251, 279, 288, 289, 290, 302, 321$921646$020137721$w04F05
=653  \\$aBrillon, Mad.$320, 21$929942$020137721$w04F05
=653  \\$aByfield$3179$930087$020137721$w04F05
=653  \\$aCalbigi$3265$930123$020137721$w04F05
=653  \\$aCampioni$3125$930171$020137721$w04F05
=653  \\$acembalo angelico$3139$930354$020137721$w04F05
=653  \\$aclaviorganum$3182$930538$020137721$w04F05
=653  \\$acolascione$3143, 151, 324$930576$020137721$w04F05
=653  \\$aColista (Calista?)$3177, 178$930587$020137721$w04F05
=653  \\$aContramacci, C.$3163, 164$930698$020137721$w04F05
=653  \\$aCouperin, A.L.$318, 19$930791$020137721$w04F05
=653  \\$acurrende (2 / 4 st)$3260, 325, 326, 367$930875$020137721$w04F05
=653  \\$aDanzi, F.$3228$930937$020137721$w04F05
=653  \\$adubbelbc$339$931238$020137721$w04F05
=653  \\$adubbeltriller$3234$931254$020137721$w04F05
=653  \\$aDulcken$3212$931288$020137721$w04F05
=653  \\$aDuni$3214$931300$020137721$w04F05
=653  \\$aEberling$3216, 380, 382$931363$020137721$w04F05
=653  \\$aechoeffekt$348, 49, 75, 203, 230$931377$020137721$w04F05
=653  \\$aElsche, v.d.$3212$931431$020137721$w04F05
=653  \\$aFarinelli$397, 99, 100, 103-110, 111, 140, 251, 271, 379$931610$020137721$w04F05
=653  \\$aFeo$3373$931659$020137721$w04F05
=653  \\$aFischer (hoboist)$3317, 318$931726$020137721$w04F05
=653  \\$aFitzthumb$3202, 214$931735$020137721$w04F05
=653  \\$aFrederik de Grote$3352-355, 372, 373, 385$910951$020137721$w04F05
=653  \\$aGerbert, M.$3423, 424$932132$020137721$w04F05
=653  \\$agesticuleren etc$3390$932159$020137721$w04F05
=653  \\$aGraaf$3416$932308$020137721$w04F05
=653  \\$aGuadagni, G.$364, 66, 239, 242, 243, 244, 254, 255$932454$020137721$w04F05
=653  \\$aHändel, G.F._na dood$3x, 79$932543$020137721$w04F05
=653  \\$aHändel, G.F._organist$325, 179$932545$020137721$w04F05
=653  \\$aHasse, fam$391, 92, 251, 261, 265-267, 269, 270, 272, 279, 280, 288-290, 301-304, 320, 321, 373, 382, 441, 446$932606$020137721$w04F05
=653  \\$aHebenstreit$3322$932656$020137721$w04F05
=653  \\$aHelmont, van$3213$932698$020137721$w04F05
=653  \\$aHesse$3337$932754$020137721$w04F05
=653  \\$ahoboriet$3317$932814$020137721$w04F05
=653  \\$aHoffmann$3257, 268, 292$932825$020137721$w04F05
=653  \\$aHohlfeld$3366$932850$020137721$w04F05
=653  \\$aHolzbauer$3226, 228$932870$020137721$w04F05
=653  \\$ahoorn$3203, 210, 220, 222, 416, 421$932928$020137721$w04F05
=653  \\$ainvloed van muziek$3xi, 344, 345$933117$020137721$w04F05
=653  \\$ajalousie de métier$319, 20$933180$020137721$w04F05
=653  \\$aKirchman$3139, 359$933418$020137721$w04F05
=653  \\$aklarinet$3150, 200, 203, 220, 213$933442$020137721$w04F05
=653  \\$aklavecimbel_Duitsland 18e eeuw$3222, 352, 359, 365$933479$020137721$w04F05
=653  \\$aklavecimbel_prijs van$3212, 359$933510$020137721$w04F05
=653  \\$aklavecimbelconcerti$392$933531$020137721$w04F05
=653  \\$aklavecimbelduetten$3299, 305$933534$020137721$w04F05
=653  \\$aklavichord_Oostenrijk 18e eeuw$3304$933587$020137721$w04F05
=653  \\$aKnock, A.$3417$933648$020137721$w04F05
=653  \\$aKrause$323, 424$933746$020137721$w04F05
=653  \\$aKuntzen$3426$933795$020137721$w04F05
=653  \\$aLa Mara (Schmeling)$3335, 340-342, 363, 364, 441$933838$020137721$w04F05
=653  \\$aLande, M. de la$39, 16$933879$020137721$w04F05
=653  \\$aLidarti$3184$934096$020137721$w04F05
=653  \\$aliefdadigheidsconcerten$3x, xi$934104$020137721$w04F05
=653  \\$aMajo, G. de$3167$934392$020137721$w04F05
=653  \\$aMancini$3297, 298$934411$020137721$w04F05
=653  \\$amandoline$356, 103, 151, 281$934419$020137721$w04F05
=653  \\$aManno, G.$3166$934432$020137721$w04F05
=653  \\$aMartinez$3286-288, 290, 301, 302, 304, 441$934498$020137721$w04F05
=653  \\$ameerkorigheid en ensemble er...$367, 75, 87, 88, 130, 134, 142, 173, 175, 177, 181, 206$934596$020137721$w04F05
=653  \\$aMüthel, J.G.$3431-433, 426$934988$020137721$w04F05
=653  \\$aNicolai$3332, 339, 342$935224$020137721$w04F05
=653  \\$anotatieproblemen$3253$935285$020137721$w04F05
=653  \\$aonderhands cellospel$367$935383$020137721$w04F05
=653  \\$aorgelspel buiten de eredienst$3178$935598$020137721$w04F05
=653  \\$aoude instrumenten vroeger$3182, 209, 210$935656$020137721$w04F05
=653  \\$aPaisiello$3149, 151, 153, 154, 167, 427$935717$020137721$w04F05
=653  \\$aPalestrina_na dood$3136, 173, 176, 177, 181, 294$935726$020137721$w04F05
=653  \\$aparodie$3214$935769$020137721$w04F05
=653  \\$aPeteghem, van $3187$935879$020137721$w04F05
=653  \\$aPiccinni$340, 43, 117, 120, 121, 140, 141, 144, 149, 153, 154, 155, 156, 167$935960$020137721$w04F05
=653  \\$aPoolse muziek$3253, 254$936073$020137721$w04F05
=653  \\$aPorpora$3244, 250, 288, 294, 301$936084$020137721$w04F05
=653  \\$aPothof$3405-407, 410$936113$020137721$w04F05
=653  \\$aPraetorius J.$3331, 398$936128$020137721$w04F05
=653  \\$aprima vista$320, 282, 383$936203$020137721$w04F05
=653  \\$apunt/hak spel $325$936273$020137721$w04F05
=653  \\$arepeteren$3160, 161$938377$020137721$w04F05
=653  \\$aRiccio, D.$338, 39$938419$020137721$w04F05
=653  \\$aRichter$3427$938429$020137721$w04F05
=653  \\$aRiepel$3425$938439$020137721$w04F05
=653  \\$aRinaldo di Capua$3137$938458$020137721$w04F05
=653  \\$aSchmahl$3235, 236$938885$020137721$w04F05
=653  \\$aSchmidt$3425$96315$020137721$w04F05
=653  \\$aSchnitger, A.$3396, 397$938916$020137721$w04F05
=653  \\$aSchobert$321, 234, 235$938920$020137721$w04F05
=653  \\$aSeeger$3312, 313$939038$020137721$w04F05
=653  \\$aSenesino$3110, 271, 272$923785$020137721$w04F05
=653  \\$aSevre$328$939077$020137721$w04F05
=653  \\$aShudi$3139, 358$939093$020137721$w04F05
=653  \\$aSnetzler$3179, 223, 256??, 278, 338, 359$939210$020137721$w04F05
=653  \\$asolfeggio$3352, 353$936342$020137721$w04F05
=653  \\$aspeeltrommel$3199$936393$020137721$w04F05
=653  \\$aSpielereiregister op orgel$3339$936417$020137721$w04F05
=653  \\$aStainer$3136$936496$020137721$w04F05
=653  \\$aSulzer$3364$936672$020137721$w04F05
=653  \\$aTallis$3294$936729$020137721$w04F05
=653  \\$aTartini$359-64, 66, 67, 83, 125, 138, 243, 395, 448$936748$020137721$w04F05
=653  \\$aTestori, C.G.$339$936875$020137721$w04F05
=653  \\$aToeschi, J.&C.$3226$936975$020137721$w04F05
=653  \\$atoonkwaliteit$310, 15, 45, 158, 160, 298$937028$020137721$w04F05
=653  \\$atranspositieklavier bij piano$393, 104, 223$937078$020137721$w04F05
=653  \\$aTraversa$310$937085$020137721$w04F05
=653  \\$atweetalige opera$3444$937263$020137721$w04F05
=653  \\$aUnger$3366$937296$020137721$w04F05
=653  \\$avaluta$3123, 393$937332$020137721$w04F05
=653  \\$averschil orgel- klavecimbelspel$319, 20, 84, 178$937469$020137721$w04F05
=653  \\$aVinci, L.$3370, 372, 373$937559$020137721$w04F05
=653  \\$aVoltaire$328, 29-31$95159$020137721$w04F05
=653  \\$avolume$310, 11, 20, 56, 66, 139, 361, 441$937724$020137721$w04F05
=653  \\$avox humana$3150, 154$937792$020137721$w04F05
=653  \\$aWestphal$3384$937943$020137721$w04F05
=653  \\$azangeres in kerk$350, 51, 69, 70, 71, 84, 85, 122, 172, 213, 218, 222, 249, 291, 383$938090$020137721$w04F05
=653  \\$azwelkast op orgel$3179, 180, 236, 322, 338, 393, 407$938192$020137721$w04F05
=700  \\$4trl$aLustig, Jacob Wilhelm$d1706-1796$1http://www.wikidata.org/entity/Q1677671$95820
=765  \\$aThe Present State of Music in France and Italy
=765  \\$aThe Present State of Music in Germany, the Netherlands, and United Provinces
=856  \\$uhttps://books.google.be/books?id=ChJgAAAAcAAJ$3Google Books
=942  \\$cBOO
=952  \\$00$10$2ddc$40$6KTS_1_000000000000000_C1_49_04F05$70$8RAR$9803$aORPH$bORPH$cKTS1_C1$d2020-07-08$eKoopman$oKTS1 C1.49 04F05$p20137721$r2021-01-12 00:00:00$w2021-01-12$yBOO
=999  \\$d803

