=LDR  01343aam a2200277   4500
=001  805
=008  211115s1745\\\\|||g||||\||||\00|\0\ita\d
=041  \\$aita
=059  \\$abc
=100  \\$aGasparini, Francesco$d1661-1727$4cmp$4aut$1http://www.wikidata.org/entity/Q446955$95534
=245  \\$aL'Armonico pratico al cimbalo
=260  \\$aVenice$bBortoli$c1745
=300  \\$a[vi]-86-[2] pages$bmusic examples
=500  \\$aOne of the six reprints (6th edition published in 1802)
=500  \\$aCited in Koopman 2019, 5
=534  \\$aOriginally published in 1708
=590  \\$aRegole, Osservazioni, ed Avvertimenti per ben Suonare il Basso, e accompagnare sopra il Cimbalo, Spinetta, ed Organo
=648  \0$a18th Century (1701-1800)$1http://www.wikidata.org/entity/Q7015$920899
=650  \0$aBasso continuo$1http://www.wikidata.org/entity/Q724321$921065
=650  \0$aMethod$1http://www.wikidata.org/entity/Q2250960$921402
=650  \0$aHarpsichord$1http://www.wikidata.org/entity/Q81982$92125
=651  \0$aVenice (Italy)$1http://www.wikidata.org/entity/Q641$91
=856  \\$uhttps://books.google.be/books?id=75ZcAAAAcAAJ$3Google Books
=942  \\$cBOO
=952  \\$00$10$2ddc$40$6KTS_1_000000000000000_C1_49_04F07$70$8RAR$9805$aORPH$bORPH$cKTS1_C1$d2020-07-08$eKoopman$oKTS1 C1.49 04F07$p20137723$r2021-01-12 00:00:00$w2021-01-12$yBOO
=999  \\$d805

