=LDR  55008    a2208341   4500
=001  806
=008  210924i18121814||||||||\e|||\00|\0dger\d
=041  \\$ager
=100  \\$aGerber, Ernst Ludwig$d1746-1819$4aut$1http://www.wikidata.org/entity/Q68863$95535
=245  \\$aNeues historisch-biographisches Lexikon der Tonkünstler
=250  \\$aRev. ed.
=260  \\$aLeipzig$bKühnel$c1812-14
=300  \\$a4 vols. (xxxii-974+vi-823+vi-942+843 pages)
=534  \\$aOriginally published in 1790-92; revised in 1810-14
=561  \\$aEx Libris Rudolf [Maglif ?] (manuscript on plate)
=590  \\$aWelches Nachrichten von dem Leben und den Werken musikalischer Schriftsteller, berühmter Komponisten…
=648  \0$a19th Century (1801-1900)$1http://www.wikidata.org/entity/Q6955$920935
=650  \0$aMusic history$1http://www.wikidata.org/entity/Q846047$921373
=650  \0$aComposer$1http://www.wikidata.org/entity/Q36834$93625
=650  \0$aEncyclopedia$1http://www.wikidata.org/entity/Q5292$92184
=651  \0$aEurope$1http://www.wikidata.org/entity/Q46$991
=653  \0$a16voet op klavecimbel$3144$020137725$w04F08_02$928362
=653  \0$aa =$3284, 292, 300$020137724$w04F08_01$928388
=653  \0$aa =$3483$020137725$w04F08_02$928388
=653  \0$aa =$324, 25, 596$020137726$w04F08_03$928388
=653  \0$aa =$322, 117, 136, 171, 768$020137727$w04F08_04$928388
=653  \0$aad lib bezetting$315, 73, 114, 177, 195, 285, 304, 342, 391, 397, 445, 481, 516, 538, 541, 564, 598, 599, 602, 637, 650, 666, 683, 739, 779, 780, 787, 789, 794, 873, 926, 938$020137724$w04F08_01$928466
=653  \0$aad lib bezetting$329, 52, 69, 108, 145, 147, 158, 159, 189, 222, 230, 242, 244, 250, 251, 269, 286, 357, 375, 376, 391, 499, 531, 363, 364, 420, 426, 480, 481, 483, 484, 506, 672$020137725$w04F08_02$928466
=653  \0$aad lib bezetting$332, 33, 107, 128, 130, 136, 137, 158, 175, 192, 249, 265, 292, 312, 313, 315, 339, 370, 381, 397, 402, 404, 415, 502, 564, 576-578, 586, 589, 592, 602, 636, 679, 688, 714, 717, 729, 736, 750, 775$020137726$w04F08_03$928466
=653  \0$aad lib bezetting$39, 18, 23, 49, 57, 66, 87, 131, 167, 209, 232, 236, 252, 261, 308, 314, 418, 466, 491, 546, 553, 568, 569, 651$020137727$w04F08_04$928466
=653  \0$aafwisseling$35$020137724$w04F08_01$928514
=653  \0$aakoestiek$3326, 327, 422, 589, 618, 873, 889$020137724$w04F08_01$928552
=653  \0$aakoestiek$32, 120, 162, 163$020137725$w04F08_02$928552
=653  \0$aakoestiek$3393, 544, 591, 593, 595, 596, 651, 663, 679, 680, 715, 848$020137726$w04F08_03$928552
=653  \0$aakoestiek$3306, 329, 337, 439, 497, 498, 499$020137727$w04F08_04$928552
=653  \0$aalchemie$3250$020137727$w04F08_04$928573
=653  \0$aalcohol$3334$020137724$w04F08_01$928577
=653  \0$aalcohol$3573$020137726$w04F08_03$928577
=653  \0$aalcohol$347, 417, 647$020137727$w04F08_04$928577
=653  \0$aaltvioolconcerto$3429$020137724$w04F08_01$928633
=653  \0$aaltvioolconcerto$360, 67, 154, 906$020137726$w04F08_03$928633
=653  \0$aambrosiaanse zang$3672, 673$020137726$w04F08_03$928652
=653  \0$aarpeggio$35$020137724$w04F08_01$928797
=653  \0$aartikulatie$3856$020137724$w04F08_01$928817
=653  \0$aartikulatie$3457$020137726$w04F08_03$928817
=653  \0$aartikulatie$355, 240$020137727$w04F08_04$928817
=653  \0$aautodidact$3414$020137725$w04F08_02$928878
=653  \0$abezetting (voc.)$36, 226, 285, 303, 522, 584, 641, 642, 728, 802, 857$020137724$w04F08_01$929527
=653  \0$abezetting (voc.)$375, 88, 185, 187, 188, 250, 345, 378, 520, 700, 701, 729$020137725$w04F08_02$929527
=653  \0$abezetting (voc.)$3364, 430, 675, 719, 724, 749, 791, 872, 882$020137726$w04F08_03$929527
=653  \0$abezetting (voc.)$31, 28, 34, 583, 646, 651, 825, 842$020137727$w04F08_04$929527
=653  \0$abezetting van basso continuo$3519$020137725$w04F08_02$929531
=653  \0$aBach, J.S._WTC$3586$020137726$w04F08_03$928985
=653  \0$abibliotheek$3xxii, 81, 82, 117-120, 233, 466, 522, 686, 812$020137724$w04F08_01$929548
=653  \0$abibliotheek$3325, 528, 605, 660, 785$020137725$w04F08_02$929548
=653  \0$abibliotheek$3377, 411$020137726$w04F08_03$929548
=653  \0$abibliotheek$371, 73, 74, 230, 489, 752, 797$020137727$w04F08_04$929548
=653  \0$abaryton$3343$020137725$w04F08_02$929127
=653  \0$abassethoorn$3293, 854$020137724$w04F08_01$929159
=653  \0$abassethoorn$3197$020137725$w04F08_02$929159
=653  \0$abassethoorn$3606, 650, 831$020137726$w04F08_03$929159
=653  \0$abassethoorn$3752$020137727$w04F08_04$929159
=653  \0$aboekdruk$3172, 173$020137725$w04F08_02$929678
=653  \0$abasso continuo_17e eeuw$3412$020137726$w04F08_03$929176
=653  \0$aboekoplage$3v-viii, 143, 333$020137724$w04F08_01$929699
=653  \0$aboekoplage$3v, vi$020137725$w04F08_02$929699
=653  \0$aboekoplage$3voorintekenlijst, 243$020137726$w04F08_03$929699
=653  \0$aboekoplage$3verzeichnis$020137727$w04F08_04$929699
=653  \0$aboekprijs$3106, 323, 327, 354, 395, 400, 531, 558, 559, 579, 584, 605, 656, 867, 891, 910$020137724$w04F08_01$929701
=653  \0$aboekprijs$3271, 407, 508, 543, 608, 643, 810$020137725$w04F08_02$929701
=653  \0$aboekprijs$350, 93, 120, 162, 314, 318, 344, 378, 434, 628, 720, 738, 820, 843, 864, 865$020137726$w04F08_03$929701
=653  \0$aboekprijs$35, 23, 24, 38, 53, 79, 170, 213, 349, 435, 507, 530, 596, 607, 648$020137727$w04F08_04$929701
=653  \0$abc en cello (recitatief)$353$020137727$w04F08_04$929248
=653  \0$aBogenflügel$3251, 391, 737$020137725$w04F08_02$929721
=653  \0$aBogenflügel$332, 148, 416, 483, 484$020137726$w04F08_03$929721
=653  \0$aBogenflügel$3753$020137727$w04F08_04$929721
=653  \0$abeiaard$3154, 482, 483$020137725$w04F08_02$929377
=653  \0$abeiaard$3449, 450$020137726$w04F08_03$929377
=653  \0$abespeler van meer instrumenten$33, 5, 14, 117, 142, 234, 274, 287, 293, 295, 325, 330, 353, 374, 395, 419, 484, 485, 495, 501, 503, 529, 538, 541, 588, 643, 653, 800, 818, 831, 832, 857, 860, 866, 872, 892$020137724$w04F08_01$929498
=653  \0$abespeler van meer instrumenten$330, 47, 61, 114, 129, 229, 242, 258, 277, 278, 296, 317, 318, 343, 368, 371, 422, 444, 450, 453, 455, 465, 489, 529, 622, 633, 648, 653, 663, 673, 702, 716, 717, 752, 754, 757, 778, 779$020137725$w04F08_02$929498
=653  \0$abespeler van meer instrumenten$322, 55, 56, 87, 115, 124, 135, 143, 156, 157, 174, 220, 249, 250, 252, 293, 301, 304, 309, 320, 338, 357, 358, 363, 407, 415, 501, 502, 503, 512, 532, 548, 579, 592, 597, 600, 632, 664, 666, 719, 728, 742, 763, 796, 803, 831, 857, 894, 903, 927$020137726$w04F08_03$929498
=653  \0$abespeler van meer instrumenten$352, 53, 59, 72, 99, 110, 111, 113, 120, 128, 130, 138, 145, 189, 200, 232, 284, 298, 364, 386, 387, 420, 426, 481, 483, 484, 504, 509, 510, 525, 540, 544, 545, 551, 560, 572, 584, 608, 632, 648, 774, 809, 816, 820, 836, 840$020137727$w04F08_04$929498
=653  \0$acadens$3535$020137724$w04F08_01$930106
=653  \0$acadens$3705$020137725$w04F08_02$930106
=653  \0$acadens$340, 302, 305, 566, 845$020137726$w04F08_03$930106
=653  \0$acadens$347, 298, 436$020137727$w04F08_04$930106
=653  \0$acanon$323, 24$020137724$w04F08_01$930183
=653  \0$acantate$3107$020137725$w04F08_02$930188
=653  \0$acantus firmus$3512$020137727$w04F08_04$930212
=653  \0$acapella$329, 122, 131, 242, 467, 598, 599, 634$020137725$w04F08_02$930216
=653  \0$acapella$3370, 530, 746, 867$020137726$w04F08_03$930216
=653  \0$acapella $387$020137727$w04F08_04$930218
=653  \0$acastraten$3388, 536, 619$020137724$w04F08_01$930282
=653  \0$acastraten$3106$020137725$w04F08_02$930282
=653  \0$acastraten$3531, 607, 660, 722, 724, 923$020137726$w04F08_03$930282
=653  \0$acastraten$3214, 460, 528, 592$020137727$w04F08_04$930282
=653  \0$acello$3372, 374, 394, 417, 434, 435, 438, 509-511, 564, 567, 568, 631, 681, 730, 822, 835, 860$020137724$w04F08_01$930344
=653  \0$acello$319, 78, 99, 146, 203, 206, 218, 219, 294, 342, 374, 383, 401, 417, 478, 503, 522, 639, 662, 755, 789$020137725$w04F08_02$930344
=653  \0$acello$3336, 351, 363, 660, 663, 664, 668, 803, 825, 879, 909$020137726$w04F08_03$930344
=653  \0$acello$353, 55, 72, 77, 78, 110, 113, 114, 120, 121, 199, 250, 280, 291, 345, 354, 531, 551, 587, 595-597, 680, 770, 780$020137727$w04F08_04$930344
=653  \0$acello concerti$3434, 435, 442$020137724$w04F08_01$930347
=653  \0$acello concerti$317, 23, 87, 102, 129, 130, 176$020137726$w04F08_03$930347
=653  \0$acello concerti$355, 72, 78, 112, 114, 132, 202, 296$020137727$w04F08_04$930347
=653  \0$acello en/of ...$3321, 335, 398, 470, 785, 786, 787, 820$020137724$w04F08_01$930348
=653  \0$acello en/of ...$3350, 360, 688, 787, 788, 906$020137726$w04F08_03$930348
=653  \0$acello en/of ...$3514$020137727$w04F08_04$930348
=653  \0$acello speelt alleen becijferde bas (recitatief)$3280$020137727$w04F08_04$930350
=653  \0$acembal d'amour$3464$020137725$w04F08_02$930352
=653  \0$amuziek in eredienst$3679$020137724$w04F08_01$935012
=653  \0$amuziek in eredienst$3423$020137725$w04F08_02$935012
=653  \0$amuziek in eredienst$3612, 770$020137726$w04F08_03$935012
=653  \0$amuziek in eredienst$314, 651$020137727$w04F08_04$935012
=653  \0$amuziek in India$3625, 626$020137726$w04F08_03$935013
=653  \0$amuziek_algemeen$3356, 428, 607$020137725$w04F08_02$935036
=653  \0$amuziek_en geneeskunde$395, 96, 509, 517, 618, 875$020137724$w04F08_01$935041
=653  \0$amuziek_en geneeskunde$3419$020137725$w04F08_02$935041
=653  \0$amuziek_en geneeskunde$32, 3, 202, 500, 664, 742, 906$020137726$w04F08_03$935041
=653  \0$amuziek_en geneeskunde$3112, 113, 116, 194, 285, 292, 293$020137727$w04F08_04$935041
=653  \0$aChinese muziek$3623-625$020137724$w04F08_01$930437
=653  \0$aChinese muziek$3418$020137725$w04F08_02$930437
=653  \0$amuziekautomaten$3292, 776$020137724$w04F08_01$935067
=653  \0$amuziekautomaten$327, 31, 39, 41, 42, 73$020137725$w04F08_02$935067
=653  \0$amuziekautomaten$361, 147?, 148?, 249, 284, 285, 589, 590, 835$020137726$w04F08_03$935067
=653  \0$amuziekautomaten$3428, 429, 465, 591, 752, 755, 766, 769$020137727$w04F08_04$935067
=653  \0$amuziekdruk (zie ook boekdruk)$336, 37, 194, 248, 249, 271, 341, 342, 705-710, 742, 743, 777$020137725$w04F08_02$935071
=653  \0$amuziekkritiek$3537$020137726$w04F08_03$935083
=653  \0$aclavecin harmonique$3737$020137725$w04F08_02$930517
=653  \0$aclavecin oculaire$3135, 361$020137726$w04F08_03$930518
=653  \0$amuzieknotatiemachine$3400$020137726$w04F08_03$935090
=653  \0$amuziekschool$3343$020137725$w04F08_02$935098
=653  \0$amuziekwetenschap voor 1900$3211, 212$020137725$w04F08_02$935111
=653  \0$acolascione$3753$020137727$w04F08_04$930576
=653  \0$aNederland_algemeen$3308, 390$020137726$w04F08_03$935168
=653  \0$acollegium musicum$3523$020137725$w04F08_02$930595
=653  \0$acollegium musicum$3643, 644$020137727$w04F08_04$930595
=653  \0$acomponeren$3245, 254, 676$020137726$w04F08_03$930621
=653  \0$acomponeren$37$020137727$w04F08_04$930621
=653  \0$acomponiste$311, 40, 64, 85, 120, 173, 179, 267, 272, 292, 296, 327, 400, 401, 449, 488, 509, 534, 591, 622, 623, 668, 700, 767, 770, 803, 808, 809, 862, 925$020137724$w04F08_01$930632
=653  \0$acomponiste$3184, 339, 369, 370, 408, 409, 508, 608$020137725$w04F08_02$930632
=653  \0$acomponiste$323, 31, 154, 175, 216, 234, 262, 264, 279, 291, 317, 340, 417, 454, 524, 526, 532, 582, 647, 653, 654, 713, 747, 824$020137726$w04F08_03$930632
=653  \0$acomponiste$337, 88, 122, 167, 217, 221, 297, 382, 393, 249, 487, 556, 582$020137727$w04F08_04$930632
=653  \0$acompositieloon$35, 562, 901, 902$020137724$w04F08_01$930641
=653  \0$acompositieloon$3403$020137725$w04F08_02$930641
=653  \0$acompositieloon$3384, 480, 641, 705, 753, 819$020137726$w04F08_03$930641
=653  \0$acompositieloon$3301$020137727$w04F08_04$930641
=653  \0$acompositiemachine$3704$020137724$w04F08_01$930642
=653  \0$acompositiemachine$3188$020137725$w04F08_02$930642
=653  \0$aconcerten$3251$020137724$w04F08_01$930655
=653  \0$aconcerten$390, 115, 148, 152, 229, 250, 295, 296, 633, 634$020137725$w04F08_02$930655
=653  \0$aconcerten$377, 130, 327, 55, 754$020137727$w04F08_04$930655
=653  \0$acontrabas$3932$020137724$w04F08_01$930692
=653  \0$acontrabas$3448, 690$020137726$w04F08_03$930692
=653  \0$acontrabas$3131, 133, 192, 363, 489, 630, 754, 770, 790, 807, 811$020137727$w04F08_04$930692
=653  \0$aopera$3161, 247, 318, 328, 336, 528, 599, 610, 619, 663, 787, 833, 876, 877$020137726$w04F08_03$935411
=653  \0$aopera$3763$020137727$w04F08_04$935411
=653  \0$aorchestrion$3147, 148$020137726$w04F08_03$935453
=653  \0$aorchestrion$3285$020137727$w04F08_04$935453
=653  \0$aorgel 4-mains + Ped.$333$020137726$w04F08_03$935470
=653  \0$aorgel in eredienst$3521, 572, 858$020137724$w04F08_01$935479
=653  \0$aorgel in eredienst$3443$020137725$w04F08_02$935479
=653  \0$aorgel in eredienst$3612$020137726$w04F08_03$935479
=653  \0$aorgel in middeleeuwen$3107, 128, 129, 367, 813$020137724$w04F08_01$935482
=653  \0$aorgel in middeleeuwen$365, 66, 177, 520$020137725$w04F08_02$935482
=653  \0$aorgel in middeleeuwen$367, 92, 109, 113, 287, 311, 418, 510, 525, 714$020137726$w04F08_03$935482
=653  \0$aorgel in middeleeuwen$3160, 267, 309, 353, 383, 764$020137727$w04F08_04$935482
=653  \0$aorgelbouw$333$020137725$w04F08_02$935542
=653  \0$aorgelconcerti$3304$020137724$w04F08_01$935549
=653  \0$aorgelconcerti$340$020137726$w04F08_03$935549
=653  \0$aorgelregistratie$3428, 793$020137724$w04F08_01$935575
=653  \0$aorgelregistratie$366, 660, 739$020137725$w04F08_02$935575
=653  \0$aorgelregistratie$3332, 337, 595, 836$020137726$w04F08_03$935575
=653  \0$aorgelregistratie$343$020137727$w04F08_04$935575
=653  \0$aoud-nieuw$3785$020137725$w04F08_02$935651
=653  \0$aoud-nieuw$361, 308, 478$020137726$w04F08_03$935651
=653  \0$aoude muziek vroeger$382, 118, 119, 284, 285, 343, 443, 446, 466, 733, 789$020137724$w04F08_01$935658
=653  \0$aoude muziek vroeger$314, 118, 125, 325, 386, 779$020137725$w04F08_02$935658
=653  \0$aoude muziek vroeger$361, 63, 141, 142, 303, 319, 377, 404, 453, 478, 536, 537, 562, 677, 678$020137726$w04F08_03$935658
=653  \0$aoude muziek vroeger$3308, 316, 344, 412, 414, 754$020137727$w04F08_04$935658
=653  \0$adichteres$364, 85, 267, 269, 653$020137724$w04F08_01$931056
=653  \0$adiminuties$386-88, 400, 423, 525, 536, 787, 789$020137724$w04F08_01$931087
=653  \0$adiminuties$3250$020137725$w04F08_02$931087
=653  \0$adiminuties$315, 317, 373, 902$020137726$w04F08_03$931087
=653  \0$adiminuties$3235, 290, 298, 370$020137727$w04F08_04$931087
=653  \0$adirigent$3111, 888$020137726$w04F08_03$931092
=653  \0$adoedelzak$3804$020137724$w04F08_01$931125
=653  \0$adoedelzak$3366$020137725$w04F08_02$931125
=653  \0$adoedelzak$3174$020137726$w04F08_03$931125
=653  \0$adouble$3123$020137726$w04F08_03$931169
=653  \0$apeau de buffle$3723$020137725$w04F08_02$935813
=653  \0$apedaal piano$3326$020137724$w04F08_01$935817
=653  \0$apedaalklavecimbel$3207$020137727$w04F08_04$935821
=653  \0$apedaalklavichord$3273$020137725$w04F08_02$935822
=653  \0$apedaalomvang$3459$020137726$w04F08_03$935826
=653  \0$adrukfouten$3199$020137724$w04F08_01$931221
=653  \0$adrukfouten$3530, 847$020137726$w04F08_03$931221
=653  \0$adulciaan$3374, 445$020137724$w04F08_01$931287
=653  \0$adwarsfluit$3246, 494, 853, 864, 869, 879, 880, 949$020137724$w04F08_01$931340
=653  \0$adwarsfluit$3150, 359, 447, 648, 731, 736, 737$020137725$w04F08_02$931340
=653  \0$adwarsfluit$3112, 113, 233, 730, 731, 744, 745, 767, 846-848$020137726$w04F08_03$931340
=653  \0$adwarsfluit$3315, 325, 392, 426, 428, 467, 585, 614, 618$020137727$w04F08_04$931340
=653  \0$adynamiek$3642$020137724$w04F08_01$931346
=653  \0$adynamiek$3111, 372, 460$020137726$w04F08_03$931346
=653  \0$adynamiek$3755$020137727$w04F08_04$931346
=653  \0$aechoeffekt$3422, 454, 748, 809$020137724$w04F08_01$931377
=653  \0$aechoeffekt$3529$020137725$w04F08_02$931377
=653  \0$aechoeffekt$3197, 374, 449, 595, 596$020137726$w04F08_03$931377
=653  \0$aechoeffekt$343, 232$020137727$w04F08_04$931377
=653  \0$aemoties$3335, 430, 525$020137724$w04F08_01$931445
=653  \0$aemoties$3275, 276, 453, 483, 692$020137725$w04F08_02$931445
=653  \0$aemoties$310, 64, 289, 293, 630, 805$020137726$w04F08_03$931445
=653  \0$aemoties$356, 63, 65, 66, 70, 239, 322, 584, 587, 817$020137727$w04F08_04$931445
=653  \0$aportamento$3620$020137724$w04F08_01$936099
=653  \0$aportamento$3207$020137726$w04F08_03$936099
=653  \0$aentréeprijs$3454$020137724$w04F08_01$931492
=653  \0$aentréeprijs$3117$020137726$w04F08_03$931492
=653  \0$aprijs van glasharmonica$347, 48$020137726$w04F08_03$936171
=653  \0$aprijs van harp$3403$020137724$w04F08_01$936174
=653  \0$aprijs van hoorn$317$020137726$w04F08_03$936176
=653  \0$aprijs van klavecimbel$3550$020137724$w04F08_01$936177
=653  \0$aprijs van klavecimbel$3144, 521$020137725$w04F08_02$936177
=653  \0$aprijs van klavecimbel$3494$020137727$w04F08_04$936177
=653  \0$aprijs van klavichord$3545$020137724$w04F08_01$936178
=653  \0$aprijs van klavichord$3205$020137726$w04F08_03$936178
=653  \0$afagot$3xvi, 20, 465, 817, 862, 891, 943, 946$020137724$w04F08_01$931585
=653  \0$afagot$3661, 715, 719$020137725$w04F08_02$931585
=653  \0$afagot$336, 95, 138, 139, 146, 156, 157, 190, 627, 628, 681, 683, 690, 830, 845, 846, 878, 908$020137726$w04F08_03$931585
=653  \0$afagot$397, 98, 208, 301, 368, 404, 649, 755, 784, 819$020137727$w04F08_04$931585
=653  \0$afagotconcerti$372, 94, 97, 98, 132, 545$020137727$w04F08_04$931587
=653  \0$afagotrieten$3628$020137726$w04F08_03$931589
=653  \0$afalset$352$020137725$w04F08_02$931595
=653  \0$afalset$3607$020137726$w04F08_03$931595
=653  \0$afalset$3134$020137727$w04F08_04$931595
=653  \0$afalso bordoni$3628, 763$020137724$w04F08_01$931600
=653  \0$afalso bordoni$3245, 433$020137725$w04F08_02$931600
=653  \0$afalso bordoni$3193, 466, 715, 901, 935$020137726$w04F08_03$931600
=653  \0$afalso bordoni$3378, 444$020137727$w04F08_04$931600
=653  \0$apsalterium$3291, 622$020137724$w04F08_01$936252
=653  \0$apsalterium$3421, 521$020137725$w04F08_02$936252
=653  \0$apsalterium$31, 2, 55, 856$020137726$w04F08_03$936252
=653  \0$apubliek$3120, 300, 404$020137725$w04F08_02$936257
=653  \0$apubliek$3303, 306, 364, 638, 639, 889$020137726$w04F08_03$936257
=653  \0$aquodlibet$3180, 181$020137725$w04F08_02$936317
=653  \0$aquodlibet$3880$020137726$w04F08_03$936317
=653  \0$aflageolet$3240, 734$020137724$w04F08_01$931739
=653  \0$aflageolet$3388$020137725$w04F08_02$931739
=653  \0$aflageoletten_op strijkinstrumenten$3107, 122$020137725$w04F08_02$931745
=653  \0$aflageoletten_op strijkinstrumenten$347, 170, 171$020137727$w04F08_04$931745
=653  \0$afondscatalogus$3271$020137725$w04F08_02$931799
=653  \0$afortepiano$3292, 420, 858$020137724$w04F08_01$931832
=653  \0$afortepiano$3214, 461$020137726$w04F08_03$931832
=653  \0$afortepiano$315, 24, 40, 50, 75, 86, 95, 104, 110, 118, 174, 192, 193, 204, 237, 258, 263, 285, 287, 294, 323, 386, 453, 454, 465, 504, 539, 545, 756, 757, 784, 785, 830$020137727$w04F08_04$931832
=653  \0$astemmutatie$3914$020137724$w04F08_01$936560
=653  \0$astemmutatie$3218, 219, 400$020137725$w04F08_02$936560
=653  \0$astemmutatie$3566$020137726$w04F08_03$936560
=653  \0$astemmutatie$3159$020137727$w04F08_04$936560
=653  \0$astemomvang$3100, 268, 279, 500, 516, 629, 856$020137724$w04F08_01$936561
=653  \0$astemomvang$375$020137725$w04F08_02$936561
=653  \0$astemomvang$3302, 365$020137726$w04F08_03$936561
=653  \0$astemomvang$313, 54, 81, 369, 582, 583, 652, 807$020137727$w04F08_04$936561
=653  \0$aFranse invloed in Duitsland$3805-807$020137724$w04F08_01$931878
=653  \0$aFranse invloed in Duitsland$347$020137725$w04F08_02$931878
=653  \0$aFranse invloed in Duitsland$360$020137726$w04F08_03$931878
=653  \0$aFranse invloed in Engeland$3250$020137724$w04F08_01$931879
=653  \0$aFranse invloed in Italie$3388$020137725$w04F08_02$931881
=653  \0$astreektechniek$3515, 614$020137724$w04F08_01$936623
=653  \0$astreektechniek$3276, 319$020137725$w04F08_02$936623
=653  \0$astreektechniek$3118, 254, 500$020137726$w04F08_03$936623
=653  \0$astreektechniek$3603$020137727$w04F08_04$936623
=653  \0$astylus phantasticus$3365$020137724$w04F08_01$936665
=653  \0$asub/semitoetsen$3141, 209, 273$020137725$w04F08_02$936666
=653  \0$asub/semitoetsen$3306$020137727$w04F08_04$936666
=653  \0$atabak$3433$020137725$w04F08_02$936718
=653  \0$atabak$3666$020137726$w04F08_03$936718
=653  \0$agamba$356, 73, 117, 279, 391, 422, 493, 511, 529, 632, 633, 344, 879, 890$020137724$w04F08_01$931995
=653  \0$agamba$333, 47, 58, 119, 167, 223, 343, 383, 485, 489, 607, 651, 653, 657, 670, 739, 772$020137725$w04F08_02$931995
=653  \0$agamba$356, 143, 313, 338, 460, 579, 586, 596, 597, 623, 846, 932$020137726$w04F08_03$931995
=653  \0$agamba$348, 49, 55, 138, 200, 209, 213, 332(?), 341, 540, 644, 705, 757, 769$020137727$w04F08_04$931995
=653  \0$agambenwerk$3119, 341$020137725$w04F08_02$932001
=653  \0$agambenwerk$3757$020137727$w04F08_04$932001
=653  \0$atekst$3886$020137724$w04F08_01$936775
=653  \0$ageigenwerk$3119, 270, 664, 665$020137725$w04F08_02$932084
=653  \0$ageigenwerk$3896, 897$020137726$w04F08_03$932084
=653  \0$agemeentezang$3631$020137727$w04F08_04$932102
=653  \0$atemperatuur$3337, 545, 550, 554, 675, 730$020137724$w04F08_01$936807
=653  \0$atemperatuur$3528, 624, 723, 739, 800$020137725$w04F08_02$936807
=653  \0$atemperatuur$374, 153?, 163, 244, 262, 733, 569, 586, 655, 793, 867$020137726$w04F08_03$936807
=653  \0$atemperatuur$3210, 212, 222, 292, 306, 386, 395, 435, 542, 548, 549, 571, 631, 644, 650, 767, 805$020137727$w04F08_04$936807
=653  \0$atempo$3639$020137726$w04F08_03$936814
=653  \0$atempo$3286, 287, 603, 604$020137727$w04F08_04$936814
=653  \0$agezangboek$3242, 243$020137726$w04F08_03$932173
=653  \0$atempo rubato$3280$020137725$w04F08_02$936822
=653  \0$atempo rubato$3131, 302$020137726$w04F08_03$936822
=653  \0$atempo rubato$348, 240$020137727$w04F08_04$936822
=653  \0$agitaar$3467, 508, 512, 650, 651, 778, 856, 873, 910$020137724$w04F08_01$932207
=653  \0$agitaar$3104, 142, 178, 264, 360, 450, 501$020137725$w04F08_02$932207
=653  \0$agitaar$3105, 155, 175, 214, 234, 290, 340, 345, 374, 396, 462, 263, 576, 613, 636, 696, 750, 785, 867, 928$020137726$w04F08_03$932207
=653  \0$agitaar$3339, 377, 390, 445, 509, 651, 678, 682, 683$020137727$w04F08_04$932207
=653  \0$aTheorbenflügel$3144$020137725$w04F08_02$936898
=653  \0$aglasharmonika$3518, 574, 720, 862, 878, 879, 892$020137724$w04F08_01$932220
=653  \0$aglasharmonika$3115, 167, 185, 290, 630, 631, 670, 671$020137725$w04F08_02$932220
=653  \0$aglasharmonika$347, 104, 138, 204, 302, 348, 349, 350, 416, 512, 520-522, 547, 559, 583?, 731, 773, 782, 838, 887, 895, 898$020137726$w04F08_03$932220
=653  \0$aglasharmonika$376?, 545, 556, 646, 758, 773, 777, 810$020137727$w04F08_04$932220
=653  \0$atombeau$3403$020137726$w04F08_03$937003
=653  \0$agoût$3422, 446, 637, 885$020137724$w04F08_01$932303
=653  \0$agoût$3366, 375, 487, 606, 713$020137725$w04F08_02$932303
=653  \0$atoucher$3326, 484$020137724$w04F08_01$937044
=653  \0$atoucher$3661, 720, 820$020137725$w04F08_02$937044
=653  \0$atoucher$3100, 130, 692$020137726$w04F08_03$937044
=653  \0$atoucher$340$020137727$w04F08_04$937044
=653  \0$atransponeren$3191$020137725$w04F08_02$937072
=653  \0$atransponeren$3599, 768$020137727$w04F08_04$937072
=653  \0$atranspositieklavier$3292, 878$020137724$w04F08_01$937076
=653  \0$atranspositieklavier$3464$020137727$w04F08_04$937076
=653  \0$atranspositieklavier op orgel$3596$020137726$w04F08_03$937079
=653  \0$aGregoriaans in orgelbegeleiding$3341$020137726$w04F08_03$932373
=653  \0$aGregoriaans in orgelbegeleiding$357, 185, 244$020137727$w04F08_04$932373
=653  \0$atremulant$3507$020137727$w04F08_04$937097
=653  \0$atrillers etc. $356, 525$020137727$w04F08_04$937147
=653  \0$aGuidonische hand$3575$020137727$w04F08_04$932476
=653  \0$atromba marina$3251$020137724$w04F08_01$937183
=653  \0$atromba marina$3881$020137726$w04F08_03$937183
=653  \0$atrombone$339, 412$020137726$w04F08_03$937186
=653  \0$atrombone$3288, 642$020137727$w04F08_04$937186
=653  \0$atrompet$378-80, 421, 522, 642$020137724$w04F08_01$937194
=653  \0$atrompet$385$020137725$w04F08_02$937194
=653  \0$atrompet$3449, 571, 831, 881$020137726$w04F08_03$937194
=653  \0$atrompet$3200, 296, 481, 530, 531, 597, 598, 760, 768$020137727$w04F08_04$937194
=653  \0$aharp$314, 82, 83, 114, 117, 122, 276, 323, 330, 349, 391, 402, 403, 424, 428, 457, 542, 571, 591, 623, 639, 640, 649, 650, 683, 758, 777, 778, 800, 805, 814, 818, 828, 841, 850, 862, 946$020137724$w04F08_01$932582
=653  \0$aharp$329, 32, 42, 60, 108, 109, 213, 230, 250, 258, 264, 269, 277, 278, 317, 343, 368, 392, 393, 395, 408, 413, 421, 422, 549, 514, 523, 623, 641, 669, 686, 695, 696, 757, 798, 799$020137725$w04F08_02$932582
=653  \0$aharp$350, 66, 93, 136, 137, 177, 190, 300, 309, 325, 339, 368, 376, 398, 432, 444, 526, 532, 535, 536, 548, 560, 590, 592, 623, 636, 647, 679, 685, 693, 729, 746, 750, 769, 792, 842, 878, 882, 894, 922, 936$020137726$w04F08_03$932582
=653  \0$aharp$31, 11, 38, 117, 118, 165, 166, 194, 241, 244, 298, 336, 386, 387, 410, 437, 440, 525, 552, 572, 645, 745, 757, 766$020137727$w04F08_04$932582
=653  \0$aharpconcerti$3645$020137727$w04F08_04$932584
=653  \0$aUrtext$3375$020137724$w04F08_01$937305
=653  \0$avan bc naar componeren$3891$020137724$w04F08_01$937335
=653  \0$avan bc naar componeren$3621$020137725$w04F08_02$937335
=653  \0$avan bc naar componeren$3588$020137726$w04F08_03$937335
=653  \0$aVerona$3428, 477, 565, 566, 587, 615, 619$020137726$w04F08_03$937425
=653  \0$aVerona$314, 15$020137727$w04F08_04$937425
=653  \0$averzamelen$3138, 458$020137724$w04F08_01$937514
=653  \0$averzamelen$393, 281, 283, 297, 359$020137725$w04F08_02$937514
=653  \0$averzamelen$3377, 584, 664, 665, 837$020137726$w04F08_03$937514
=653  \0$averzamelen$331, 74, 382$020137727$w04F08_04$937514
=653  \0$avihuela$3428, 720$020137726$w04F08_03$937547
=653  \0$avingerzetting$3794, 896$020137724$w04F08_01$937568
=653  \0$avingerzetting$3198, 484, 489, 721$020137725$w04F08_02$937568
=653  \0$avingerzetting$356, 157, 158, 195, 504, 660, 736, 737, 896$020137726$w04F08_03$937568
=653  \0$avingerzetting$314, 15, 350, 365$020137727$w04F08_04$937568
=653  \0$aviola d'amore$3142, 442, 509, 866$020137724$w04F08_01$937580
=653  \0$aviola d'amore$3678, 708$020137725$w04F08_02$937580
=653  \0$aviola d'amore$3136, 353, 769, 837, 941$020137726$w04F08_03$937580
=653  \0$aviola d'amore$3405$020137727$w04F08_04$937580
=653  \0$aviola pomposa$3769$020137727$w04F08_04$937587
=653  \0$aviolone$3650, 779$020137727$w04F08_04$937600
=653  \0$aviolone o ...$3280$020137725$w04F08_02$937603
=653  \0$aviool$3684, 711, 712, 718, 720, 725, 726, 802, 888-891$020137726$w04F08_03$937605
=653  \0$avioolconcerti$3132, 237, 238, 241$020137727$w04F08_04$937614
=653  \0$aimprovisatie$3335$020137724$w04F08_01$933059
=653  \0$aimprovisatie$3368, 422$020137725$w04F08_02$933059
=653  \0$aimprovisatie$334, 93, 104, 149, 403, 566, 525, 753, 798$020137726$w04F08_03$933059
=653  \0$avolume$3349$020137725$w04F08_02$937724
=653  \0$aItaliaanse invloed in Belgie$3399, 401-403$020137725$w04F08_02$933137
=653  \0$aItaliaanse invloed in Denemarken$3849$020137724$w04F08_01$933138
=653  \0$aItaliaanse invloed in Duitsland$3331, 870$020137724$w04F08_01$933141
=653  \0$aItaliaanse invloed in Duitsland$391, 92, 155, 616, 617, 618, 623$020137725$w04F08_02$933141
=653  \0$aItaliaanse invloed in Duitsland$335, 122, 125, 470, 579$020137726$w04F08_03$933141
=653  \0$aItaliaanse invloed in Duitsland$3134, 205, 206, 273, 324, 364, 809, 810$020137727$w04F08_04$933141
=653  \0$avrijheid in maat$3280$020137725$w04F08_02$937806
=653  \0$aItaliaanse invloed in Frankrijk$3451$020137726$w04F08_03$933147
=653  \0$avrijmetselaars$3445$020137724$w04F08_01$937813
=653  \0$avrijmetselaars$3330$020137725$w04F08_02$937813
=653  \0$avrijmetselaars$3257$020137727$w04F08_04$937813
=653  \0$avuurwerk$3536$020137724$w04F08_01$937821
=653  \0$ajicht$384, 407, 548, 813, 918$020137726$w04F08_03$933217
=653  \0$ajongenssopraan$3337, 353, 495, 549, 914$020137724$w04F08_01$933241
=653  \0$ajongenssopraan$3155, 397-399, 400, 497, 639, 652, 779$020137725$w04F08_02$933241
=653  \0$ajongenssopraan$366, 87, 100, 501, 517, 566, 776, 928$020137726$w04F08_03$933241
=653  \0$ajongenssopraan$316$020137727$w04F08_04$933241
=653  \0$aJoodse muziek$3233, 426$020137725$w04F08_02$933245
=653  \0$aJoodse muziek$332$020137727$w04F08_04$933245
=653  \0$akerkcantate$3413, 419$020137726$w04F08_03$933368
=653  \0$akerkmuziek$3191$020137725$w04F08_02$933370
=653  \0$awonderkind$3296, 327, 379, 735, 738, 823-825, 924$020137724$w04F08_01$938047
=653  \0$awonderkind$33, 368, 423, 488, 489, 496, 744$020137725$w04F08_02$938047
=653  \0$awonderkind$369, 168, 253-255, 439, 476, 582, 591, 592, 628, 718, 725-727, 883, 940$020137726$w04F08_03$938047
=653  \0$awonderkind$3254, 553$020137727$w04F08_04$938047
=653  \0$azang als voorbeeld$3446$020137724$w04F08_01$938078
=653  \0$azang als voorbeeld$3305$020137726$w04F08_03$938078
=653  \0$azang als voorbeeld$3818$020137727$w04F08_04$938078
=653  \0$azangeres$334, 72, 87, 108, 179, 180, 206, 226, 243, 244, 253-255, 260, 769$020137724$w04F08_01$938089
=653  \0$azangeres$3171, 171, 208$020137726$w04F08_03$938089
=653  \0$azangeres in kerk$3691$020137725$w04F08_02$938090
=653  \0$azangeres in kerk$3306$020137726$w04F08_03$938090
=653  \0$azangeres in kerk$313, 64, 65$020137727$w04F08_04$938090
=653  \0$aklarinet$311, 89, 234, 309, 427, 437, 481, 510, 538, 828, 854, 867, 871, 938, 972$020137724$w04F08_01$933442
=653  \0$aklarinet$319, 34, 38, 217, 267, 272, 350, 393, 410, 416, 418, 423, 429, 480, 490, 646, 647, 661, 708, 731$020137725$w04F08_02$933442
=653  \0$aklarinet$339, 42, 154, 157, 192, 203, 267, 300, 349, 363, 386-388, 423, 452, 473, 546, 576, 577, 587, 612, 606, 628, 692, 713, 736, 779, 824, 831, 834, 836, 901, 922, 930, 938$020137726$w04F08_03$933442
=653  \0$aklarinet$3216, 240-242, 248, 265, 326-328, 420, 426, 491, 531, 555, 604, 619, 753, 754, 756$020137727$w04F08_04$933442
=653  \0$aklarinetconcerti$3267$020137726$w04F08_03$933445
=653  \0$aklarinetconcerti$372, 97, 98, 131, 132, 216, 239-242, 257, 328, 426, 427, 466, 556$020137727$w04F08_04$933445
=653  \0$aklavecimbel in 19e eeuw$3537, 667, 687, 859, 861, 871, 888?$020137726$w04F08_03$933464
=653  \0$aklavecimbel in 19e eeuw$39, 163, 172, 500, 540, 601$020137727$w04F08_04$933464
=653  \0$azink$3182, 371, 420, 513$020137724$w04F08_01$938157
=653  \0$azink$343, 587, 851, 929, 930$020137726$w04F08_03$938157
=653  \0$azink$3407$020137727$w04F08_04$938157
=653  \0$aklavecimbel_Duitsland 17e eeuw$3336, 337$020137724$w04F08_01$933478
=653  \0$aklavecimbel_Duitsland 17e eeuw$3927$020137726$w04F08_03$933478
=653  \0$aklavecimbel_Duitsland 18e eeuw$356$020137725$w04F08_02$933479
=653  \0$aklavecimbel_Duitsland 18e eeuw$3243, 494, 511, 602, 755$020137727$w04F08_04$933479
=653  \0$aklavecimbel_Engeland 16e eeuw$330$020137725$w04F08_02$933481
=653  \0$aklavecimbel_Engeland 17e eeuw$3714$020137726$w04F08_03$933482
=653  \0$aklavecimbel_Frankrijk 16e eeuw$3503$020137724$w04F08_01$933485
=653  \0$aklavecimbel_Frankrijk 16e eeuw$3359$020137725$w04F08_02$933485
=653  \0$aklavecimbel_Frankrijk 18e eeuw$3687$020137724$w04F08_01$933487
=653  \0$aklavecimbel_Frankrijk 18e eeuw$3733$020137726$w04F08_03$933487
=653  \0$aklavecimbel_Zweden 18e eeuw$371, 506, 507$020137724$w04F08_01$933521
=653  \0$aklavecimbelconcerti$3304, 399, 416, 701$020137724$w04F08_01$933531
=653  \0$aklavecimbelconcerti$3101, 102, 152, 355, 356, 387, 410, 416?, 517, 632, 698$020137725$w04F08_02$933531
=653  \0$aklavecimbelconcerti$372, 97, 153, 215, 221, 222, 247, 378, 447, 559, 574, 584, 606, 821, 823, 855$020137726$w04F08_03$933531
=653  \0$aklavecimbelconcerti$357, 88, 163, 212, 260, 261, 277, 424, 515$020137727$w04F08_04$933531
=653  \0$arecitatief$3594$020137724$w04F08_01$938285
=653  \0$arecitatief$3380, 411$020137725$w04F08_02$938285
=653  \0$aregaal$3385, 752$020137727$w04F08_04$938302
=653  \0$arègle de l'octave$3366$020137725$w04F08_02$938325
=653  \0$arègle de l'octave$3766$020137727$w04F08_04$938325
=653  \0$aklokkenspel met strijkstok$3574$020137724$w04F08_01$933632
=653  \0$aklokkenspelregister op orgel$33-6$020137725$w04F08_02$933633
=653  \0$aklokkenspelregister op orgel$3122, 158$020137727$w04F08_04$933633
=653  \0$akoor/orkestbezetting$3284, 285, 472, 546, 582, 608, 787, 900, 901, 941$020137724$w04F08_01$933678
=653  \0$akoor/orkestbezetting$383, 155, 174, 378, 415, 473, 509, 540, 543, 779$020137725$w04F08_02$933678
=653  \0$akoor/orkestbezetting$3481, 554, 624, 638, 639, 781, 939$020137726$w04F08_03$933678
=653  \0$akoor/orkestbezetting$313, 24, 36, 64, 68, 69, 211, 220, 352, 505, 637$020137727$w04F08_04$933678
=653  \0$akwaliteit van uitvoering$3590$020137726$w04F08_03$933816
=653  \0$akwint/oktaafparallellen$3886$020137724$w04F08_01$933824
=653  \0$akwint/oktaafparallellen$345, 738$020137725$w04F08_02$933824
=653  \0$akwint/oktaafparallellen$3453, 598, 599$020137726$w04F08_03$933824
=653  \0$alamento$3209, 370$020137726$w04F08_03$933868
=653  \0$aRussische muziek$3509, 510$020137727$w04F08_04$938648
=653  \0$aLautenwerk$3341$020137725$w04F08_02$933941
=653  \0$aLautenwerk$3760$020137727$w04F08_04$933941
=653  \0$asalaris$35, 78, 170, 272, 332, 366, 371, 401, 404, 431, 444, 529, 534, 558, 699, 713, 768, 802, 903$020137724$w04F08_01$938697
=653  \0$asalaris$330, 80, 85, 92, 97, 130, 155, 167, 195, 196, 250, 258, 282, 308, 379, 383, 385, 386, 405, 474, 476, 510, 527, 534, 539, 541, 691, 694, 747, 819$020137725$w04F08_02$938697
=653  \0$asalaris$36, 13, 38, 43, 19, 103, 156, 172, 211, 302, 319, 322, 444, 448, 461, 479, 552, 553, 563, 583, 624, 630, 638, 701, 702, 706, 715, 788, 818, 819$020137726$w04F08_03$938697
=653  \0$asalaris$31, 8, 13, 16, 18, 19, 245, 303, 316, 518, 532, 820$020137727$w04F08_04$938697
=653  \0$aLeipzig_Thomaskerk$3146, 147$020137725$w04F08_02$934024
=653  \0$aschalmei$3689$020137726$w04F08_03$938803
=653  \0$aLübeck$3353, 529, 821$020137724$w04F08_01$934243
=653  \0$aLübeck$3352, 353$020137725$w04F08_02$934243
=653  \0$aLübeck$3241, 626$020137726$w04F08_03$934243
=653  \0$aluit$318, 73, 174, 177, 198, 245, 249, 259, 297, 350, 367, 368, 381, 423, 433, 437, 473, 541, 549, 620, 650, 651, 700, 767, 770, 777, 833, 846, 872, 895, 908$020137724$w04F08_01$934262
=653  \0$aluit$3101, 103, 119, 123, 168, 177, 187, 239, 307, 342, 360, 372, 392, 485, 609, 631, 731, 758, 779, 787$020137725$w04F08_02$934262
=653  \0$aluit$317, 38, 113, 143, 159, 160, 177, 193, 230, 264, 265, 296, 398, 401, 403, 404, 441, 450, 579, 606, 615, 616, 623, 643, 677, 784, 802, 837, 841, 848, 857, 877, 878, 883, 901, 935$020137726$w04F08_03$934262
=653  \0$aluit$337, 116, 177, 300, 356, 418, 424, 425, 449, 453, 465, 491, 529, 538, 540, 543, 568, 570$020137727$w04F08_04$934262
=653  \0$ascordatura$38$020137724$w04F08_01$939028
=653  \0$ascordatura$3104, 13, 167$020137725$w04F08_02$939028
=653  \0$ascordatura$3462, 632$020137726$w04F08_03$939028
=653  \0$ascordatura$365, 70, 121, 145$020137727$w04F08_04$939028
=653  \0$aserpent$3262$020137724$w04F08_01$939067
=653  \0$aserpent$3268, 301, 362, 440-442$020137725$w04F08_02$939067
=653  \0$aserpent$3713, 898$020137726$w04F08_03$939067
=653  \0$aserpent$3185, 515, 765$020137727$w04F08_04$939067
=653  \0$aslagwerk$3637$020137724$w04F08_01$939152
=653  \0$aslagwerk$3130, 361$020137726$w04F08_03$939152
=653  \0$aslagwerk$355$020137727$w04F08_04$939152
=653  \0$aslaven$3127$020137724$w04F08_01$939155
=653  \0$asnaren$3113, 256, 257, 290, 417$020137724$w04F08_01$939189
=653  \0$asnaren$3244$020137726$w04F08_03$939189
=653  \0$asnaren$3755, 765$020137727$w04F08_04$939189
=653  \0$asnaren_cello$3417$020137724$w04F08_01$939195
=653  \0$asnaren_klavier instrumenten$31, 46, 144, 391$020137725$w04F08_02$939198
=653  \0$amise-en-scène$381, 550, 632$020137724$w04F08_01$939272
=653  \0$amise-en-scène$3876, 877$020137726$w04F08_03$939272
=653  \0$ameer benutten zelfde partituur$374$020137724$w04F08_01$934589
=653  \0$ameer benutten zelfde partituur$3610$020137726$w04F08_03$934589
=653  \0$ameerkorigheid$3342, 454, 807$020137724$w04F08_01$934594
=653  \0$ameerkorigheid$3142, 246, 773$020137725$w04F08_02$934594
=653  \0$ameerkorigheid$3176, 197, 373, 374, 759, 760$020137726$w04F08_03$934594
=653  \0$amessa di voce$3240$020137727$w04F08_04$934702
=653  \0$amilitaire muziek$3320, 378, 417, 577, 578, 943$020137724$w04F08_01$934762
=653  \0$amilitaire muziek$3133, 217, 371, 372, 442, 480, 646$020137725$w04F08_02$934762
=653  \0$amilitaire muziek$3156, 315, 390, 713, 938$020137726$w04F08_03$934762
=653  \0$amilitaire muziek$390, 819, 820$020137727$w04F08_04$934762
=653  \0$amusicologie_19e eeuw$3421, 422$020137726$w04F08_03$934974
=653  \0$amusicologie_ca 1600$3581$020137726$w04F08_03$934975
=653  \\$a3-mains$3580$928370$020137724$w04F08_01
=653  \\$a6-mains$3152$928386$020137725$w04F08_02
=653  \\$a6-mains$393$928386$020137726$w04F08_03
=653  \\$aAbendmusik$384$926413$020137725$w04F08_02
=653  \\$aartikulatielettergrepen$3430$928824$020137726$w04F08_03
=653  \\$aautobiografie$3144-146, 293-305$928877$020137725$w04F08_02
=653  \\$abashoorn$3199, 200, 304$929137$020137725$w04F08_02
=653  \\$abashoorn$3751$929137$020137727$w04F08_04
=653  \\$abassanello$3284$929144$020137724$w04F08_01
=653  \\$abasso continuo$321, 397, 432, 476, 492, 499, 511, 620$929163$020137724$w04F08_01
=653  \\$abasso continuo$369, 160, 196, 197, 201, 253, 256, 416, 430, 482, 608, 618, 619, 641, 643, 661, 703, 756, 823$929163$020137725$w04F08_02
=653  \\$abasso continuo$331-33, 39, 45, 74, 73, 246, 309, 334, 361, 660$929163$020137726$w04F08_03
=653  \\$abasso continuo$363, 65, 81, 246, 280, 350, 451$929163$020137727$w04F08_04
=653  \\$abasso continuo_18e eeuw$3430, 458, 459, 588$929177$020137726$w04F08_03
=653  \\$abasso continuo_18e eeuw$3550, 664, 652$929177$020137727$w04F08_04
=653  \\$abattaglia$3345$929216$020137724$w04F08_01
=653  \\$aBebung op klavecimbel$3203, 204$929307$020137725$w04F08_02
=653  \\$aBerlin_Singakademie$382-84$929446$020137725$w04F08_02
=653  \\$ablokfluit$3252, 485, 820, 876$929645$020137724$w04F08_01
=653  \\$ablokfluit$330, 396, 617, 654, 688, 689$929645$020137726$w04F08_03
=653  \\$ablokfluit$3250, 443$929645$020137727$w04F08_04
=653  \\$acembalo o ...$357$930356$020137727$w04F08_04
=653  \\$acembalo omnicordo$3753$930357$020137727$w04F08_04
=653  \\$achalumeau$3774, 873, 938$930388$020137724$w04F08_01
=653  \\$achalumeau$3753$930388$020137727$w04F08_04
=653  \\$acister$3360$930490$020137725$w04F08_02
=653  \\$acister$3746$930490$020137726$w04F08_03
=653  \\$acister$3487$930490$020137727$w04F08_04
=653  \\$aclavecin royal$3863$930519$020137724$w04F08_01
=653  \\$aclavier = klavichord$3725$930532$020137725$w04F08_02
=653  \\$aclavier is niet klavichord$3123$930536$020137726$w04F08_03
=653  \\$acombinatie orgel - piano - Bogenflügel$3370$930608$020137725$w04F08_02
=653  \\$acompositieduur$3864, 901$930634$020137724$w04F08_01
=653  \\$acompositieduur$3402$930634$020137725$w04F08_02
=653  \\$acompositieduur$3118$930634$020137726$w04F08_03
=653  \\$aconcert voor 3 klavecimbels$3349$930652$020137726$w04F08_03
=653  \\$aconcert voor 3 piano's $3308$930653$020137724$w04F08_01
=653  \\$aconcertante sinfonie$329, 371$930654$020137725$w04F08_02
=653  \\$aconcerti voor drie klavecimbels$3494, 646, 647$930658$020137727$w04F08_04
=653  \\$aconcerti voor twee klavecimbels$3163$930659$020137727$w04F08_04
=653  \\$aconcertzaal te huur$3836$930663$020137726$w04F08_03
=653  \\$acontrapunto alla mente$3640$930702$020137725$w04F08_02
=653  \\$acurrende$3667, 668$930874$020137725$w04F08_02
=653  \\$acurrende$3569$930874$020137726$w04F08_03
=653  \\$acurrende$3266, 267, 756$930874$020137727$w04F08_04
=653  \\$ada capo$3457?$930899$020137726$w04F08_03
=653  \\$ada capo$3755$930899$020137727$w04F08_04
=653  \\$adansen$357, 393, 415$930928$020137726$w04F08_03
=653  \\$adissertaties$3143, 144$931108$020137726$w04F08_03
=653  \\$adittana clasis$3514$931114$020137726$w04F08_03
=653  \\$aecho als controlemiddel$3373$931370$020137726$w04F08_03
=653  \\$aenharmoniek$3372, 683$931476$020137726$w04F08_03
=653  \\$aenharmoniek$3574$931476$020137727$w04F08_04
=653  \\$aFlötenuhr$3892$931778$020137724$w04F08_01
=653  \\$afluitconcerti$3132$931785$020137727$w04F08_04
=653  \\$aflûte d'amour$3459, 779, 842$931786$020137726$w04F08_03
=653  \\$afrans - italiaans$3164, 190-192, 205, 404, 809$931871$020137725$w04F08_02
=653  \\$agesticuleren etc. $3373$932161$020137726$w04F08_03
=653  \\$aglasschord$3386$932222$020137724$w04F08_01
=653  \\$agravures van musici$3661-736$932357$020137727$w04F08_04
=653  \\$aHarmonika$3386, 757, 758, 773, 826$932577$020137727$w04F08_04
=653  \\$ahitzige Fieber$3154$932803$020137726$w04F08_03
=653  \\$ahobo$3446, 534, 600, 675, 684, 834, 842$932805$020137724$w04F08_01
=653  \\$ahobo$3106, 253, 257, 344, 372, 392, 415, 417, 442, 495, 505$932805$020137725$w04F08_02
=653  \\$ahobo$384, 157, 296, 343, 358, 657, 713, 785, 831, 853, 871$932805$020137726$w04F08_03
=653  \\$ahobo$35, 66, 280, 295, 440, 481, 758, 818, 819$932805$020137727$w04F08_04
=653  \\$ahoboconcerti$372, 97, 131, 132, 590$932811$020137727$w04F08_04
=653  \\$ahoorn$3273, 595, 501, 516, 517, 532, 533, 541, 583, 730, 731, 817, 915, 916, 924, 925, 971$932928$020137724$w04F08_01
=653  \\$ahoorn$385, 799, 204, 493, 498, 521, 522, 662, 687, 715, 730, 752-754$932928$020137725$w04F08_02
=653  \\$ahoorn$341, 87, 107, 133, 149, 158, 172, 198, 295, 320-322, 501, 591, 592, 613, 636, 648, 745, 796, 895, 941$932928$020137726$w04F08_03
=653  \\$ahoorn$3242, 243, 281, 307, 375, 402-404, 425, 426, 493, 551, 552, 619, 630, 758, 760, 771, 780, 793, 795, 814, 820, 822, 827$932928$020137727$w04F08_04
=653  \\$ahoornconcerti$3104, 105, 501$932932$020137724$w04F08_01
=653  \\$ahoornconcerti$338, 72, 132, 266, 284$932932$020137727$w04F08_04
=653  \\$ahoorniste$3814$932933$020137727$w04F08_04
=653  \\$ahuit-mains$3453$932992$020137724$w04F08_01
=653  \\$ainterpretatiedwang van componist$3630$933107$020137726$w04F08_03
=653  \\$aInventionstrompete$3643$933116$020137724$w04F08_01
=653  \\$aItaliaanse invloed in Engeland$3512$020137727$w04F08_04$933143
=653  \\$aItaliaanse invloed in Oostenrijk$3899$933150$020137724$w04F08_01
=653  \\$akieltjes$3723$933396$020137725$w04F08_02
=653  \\$akieltjes$3606, 607$933396$020137726$w04F08_03
=653  \\$akieltjes$3754, 756, 759$933396$020137727$w04F08_04
=653  \\$aklankbodem$391$933437$020137726$w04F08_03
=653  \\$aklavichord_Duitsland 18e eeuw$3419$933573$020137724$w04F08_01
=653  \\$aklavichord_Duitsland 18e eeuw$363, 113, 204, 273$933573$020137725$w04F08_02
=653  \\$aklavichord_Duitsland 18e eeuw$3605, 621, 760$933573$020137727$w04F08_04
=653  \\$aklavierkoppel op orgel$3459, 460$933602$020137726$w04F08_03
=653  \\$aklavieromvang$3426$933604$020137724$w04F08_01
=653  \\$aleçons de Tenebres$3240$933974$020137726$w04F08_03
=653  \\$aleerlingenconcert$3664$933979$020137726$w04F08_03
=653  \\$aLeipzig, Allgemeine musikalische Zeitung$3xix$934032$020137724$w04F08_01
=653  \\$alijfstraffen$3397, 398$934114$020137725$w04F08_02
=653  \\$alituus (?)$3197$934160$020137725$w04F08_02
=653  \\$alituus (?)$3799, 800$934160$020137726$w04F08_03
=653  \\$alyra viol$353$934312$020137725$w04F08_02
=653  \\$alyra viol$3597$934312$020137726$w04F08_03
=653  \\$amandoline$3481, 501, 606, 870$934419$020137724$w04F08_01
=653  \\$amandoline$3129, 165, 210, 633, 702$934419$020137725$w04F08_02
=653  \\$amandoline$3575$934419$020137726$w04F08_03
=653  \\$amandoline$378$934419$020137727$w04F08_04
=653  \\$amandora$3685$934420$020137724$w04F08_01
=653  \\$amandora$3269$934420$020137727$w04F08_04
=653  \\$amechanische bladomslaander$3123$934575$020137724$w04F08_01
=653  \\$amelodika$3263, 264$934635$020137727$w04F08_04
=653  \\$amelodion$3891, 892$934636$020137724$w04F08_01
=653  \\$amelodion$3859, 860$934636$020137726$w04F08_03
=653  \\$ametalen snaren op cello$3417$934708$020137724$w04F08_01
=653  \\$ametronoom vóór 1800$3921$934717$020137724$w04F08_01
=653  \\$ametronoom vóór 1800$3286, 287, 545, 753, 767$934717$020137727$w04F08_04
=653  \\$amonochordmeting$396, 499, 761$934826$020137727$w04F08_04
=653  \\$amuziek voor twee klavecimbels$351$935032$020137726$w04F08_03
=653  \\$amuziekpapierdrukmachine$3429, 430$935094$020137727$w04F08_04
=653  \\$anagelklavier / nagelharmonika$3379, 380, 761$935137$020137727$w04F08_04
=653  \\$aombouwen klavecimbel tot piano$3153$935376$020137726$w04F08_03
=653  \\$aorgel en klavecimbel één instrument$3465$935477$020137727$w04F08_04
=653  \\$aorpharion$373, 279$935623$020137724$w04F08_01
=653  \\$aorpharion$3167$935623$020137725$w04F08_02
=653  \\$aorphika$3894, 897$935627$020137726$w04F08_03
=653  \\$apandora$3714, 917$935734$020137726$w04F08_03
=653  \\$aPanharmonikon$3285$935738$020137726$w04F08_03
=653  \\$apanmelodikon$3860$935740$020137726$w04F08_03
=653  \\$apantomime$3344$935745$020137724$w04F08_01
=653  \\$apantomime$3109, 110, 129, 208$935745$020137725$w04F08_02
=653  \\$apardessus de viole$3866$935759$020137724$w04F08_01
=653  \\$aparodie$395, 254, 427$935769$020137725$w04F08_02
=653  \\$aparodie$3887$935769$020137726$w04F08_03
=653  \\$aparodie$347$935769$020137727$w04F08_04
=653  \\$apartimento$3792$935775$020137727$w04F08_04
=653  \\$apest$3342, 940$935876$020137724$w04F08_01
=653  \\$apest$3195$935876$020137725$w04F08_02
=653  \\$apest$3470, 608, 632, 721, 940$935876$020137726$w04F08_03
=653  \\$apest$3557$935876$020137727$w04F08_04
=653  \\$apiano - orgel : één instrument$3292, 420, 421$935935$020137724$w04F08_01
=653  \\$apiano - orgel : één instrument$354$935935$020137726$w04F08_03
=653  \\$apiano - orgel : één instrument$3192, 263, 264$935935$020137727$w04F08_04
=653  \\$apiano met twee klavieren$3545$935937$020137724$w04F08_01
=653  \\$apièces d'échange$338$935967$020137725$w04F08_02
=653  \\$aplagiaat$3768$936010$020137726$w04F08_03
=653  \\$apolsslag$3335$936058$020137726$w04F08_03
=653  \\$apolychord$3678$936061$020137725$w04F08_02
=653  \\$aprentenverzameling$3230, 382, 661-736$936151$020137727$w04F08_04
=653  \\$aprijs van dittanactasis$3514$936162$020137726$w04F08_03
=653  \\$aprijs van metronoom$3545$936181$020137727$w04F08_04
=653  \\$aprijs van piano$3326, 516, 545, 553, 858$936183$020137724$w04F08_01
=653  \\$aprijs van piano$3368, 508, 521$936183$020137725$w04F08_02
=653  \\$aprijs van piano$32, 205, 290, 664$936183$020137726$w04F08_03
=653  \\$aprijs van piano$367, 504$936183$020137727$w04F08_04
=653  \\$aprijs van piano-orgel$3192$936184$020137727$w04F08_04
=653  \\$aprijs van psalterium$3521$936189$020137725$w04F08_02
=653  \\$aprijs van Saitenharmonika$3264$936191$020137727$w04F08_04
=653  \\$aprijs van stand-stahlharmonika$3593$936194$020137726$w04F08_03
=653  \\$aprijs van viool$3466$936199$020137724$w04F08_01
=653  \\$aprima vista$3354, 606, 607$936203$020137724$w04F08_01
=653  \\$aprima vista$3355, 633$936203$020137725$w04F08_02
=653  \\$aprima vista$3439, 476, 597, 630, 725, 884$936203$020137726$w04F08_03
=653  \\$aprima vista$318, 55, 56, 329, 364, 546, 823$936203$020137727$w04F08_04
=653  \\$aregistratiepedaal bij klavecimbel$3733$938318$020137726$w04F08_03
=653  \\$aSaitenharmonika$3264$938694$020137727$w04F08_04
=653  \\$aSaitenharmonika$3765$938694$020137727$w04F08_04
=653  \\$asolmisatie$326, 539, 577, 589, 870$936344$020137724$w04F08_01
=653  \\$asolmisatie$3411, 436, 437, 479, 491, 711, 712, 735$936344$020137725$w04F08_02
=653  \\$asolmisatie$3201, 20, 211, 212, 245, 257, 342, 364, 408, 457, 721$936344$020137726$w04F08_03
=653  \\$asolmisatie$3252, 285, 765, 766$936344$020137727$w04F08_04
=653  \\$asonomètre$3455$936360$020137726$w04F08_03
=653  \\$aspinnen$3267$936431$020137726$w04F08_03
=653  \\$aspringlade$3683$936448$020137726$w04F08_03
=653  \\$astaafspel$3237$936467$020137726$w04F08_03
=653  \\$astaafspel$3769$936467$020137727$w04F08_04
=653  \\$aStahlklavier$3379, 380$936494$020137727$w04F08_04
=653  \\$astand-stahlharmonika$3593$936505$020137726$w04F08_03
=653  \\$astemvork$3200$936573$020137727$w04F08_04
=653  \\$astotteren$3401$936611$020137726$w04F08_03
=653  \\$aTangentenflügel$31, 2$924663$020137726$w04F08_03
=653  \\$aTangentenflügel$3224, 767$924663$020137727$w04F08_04
=653  \\$aTastenharmonika$362$936759$020137726$w04F08_03
=653  \\$atekstuitspraak$3688$936786$020137726$w04F08_03
=653  \\$atekstuitspraak$318, 64$936786$020137727$w04F08_04
=653  \\$atoonkwaliteit$3265, 501, 502, 834$937028$020137724$w04F08_01
=653  \\$atoonkwaliteit$3349$937028$020137725$w04F08_02
=653  \\$atoonkwaliteit$35, 112, 238, 597$937028$020137727$w04F08_04
=653  \\$aTraversa (orgelregister)$3595, 596$937086$020137726$w04F08_03
=653  \\$atriphon$3531$937174$020137727$w04F08_04
=653  \\$atussenspel en koraal$326, 51$937244$020137726$w04F08_03
=653  \\$aUranion$3586$937301$020137724$w04F08_01
=653  \\$avaluta$3401$937332$020137724$w04F08_01
=653  \\$aveilchen$3348$937370$020137724$w04F08_01
=653  \\$avier jaargetijden$3121$937539$020137725$w04F08_02
=653  \\$aviool_drie spelers$3453$937607$020137724$w04F08_01
=653  \\$aviool_twee spelers$3366$937610$020137725$w04F08_02
=653  \\$aviool_vier spelers$3453$937611$020137724$w04F08_01
=653  \\$avioolsolo$3405, 712$937618$020137726$w04F08_03
=653  \\$avioolspel$348$937619$020137727$w04F08_04
=653  \\$avis à vis$3756$937632$020137727$w04F08_04
=653  \\$avogels en muziek$3795$937697$020137726$w04F08_03
=653  \\$avrije fantasia$3356$937803$020137725$w04F08_02
=653  \\$avrijstaande orgelspeeltafel$3191$937814$020137727$w04F08_04
=653  \\$azangles$3xi$938106$020137724$w04F08_01
=653  \\$azangles$3373$938106$020137726$w04F08_03
=653  \\$azuiverheid$315, 249, 366, 718$938176$020137725$w04F08_02
=653  \\$azuiverheid$3244$938176$020137726$w04F08_03
=653  \\$azuiverheid$3238$938176$020137727$w04F08_04
=653  \\$azwarte componist$315$938188$020137727$w04F08_04
=653  \\$azwelkast op orgel$3582?$938192$020137724$w04F08_01
=653  \\$azwelkast op orgel$3460$938192$020137726$w04F08_03
=653  \\$azwelkast op orgel$385$938192$020137727$w04F08_04
=856  \\$uhttps://reader.digitale-sammlungen.de/de/fs1/object/display/bsb11011754_00005.html$3vol. 1
=856  \\$uhttps://books.google.be/books?id=J_kOAAAAYAAJ$3vol. 2
=856  \\$uhttps://books.google.be/books?id=6PsnEkalHDcC$3vol. 3
=856  \\$uhttps://books.google.be/books?id=-xzxZuzgIr8C$3vol. 4
=942  \\$cBOO
=952  \\$00$10$2ddc$3vol. 1$40$6KTS_1_000000000000000_C1_49_04F08_01$70$8RAR$9806$aORPH$bORPH$cKTS1_C1$d2020-07-08$eKoopman$oKTS1 C1.49 04F08_01$p20137724$r2021-01-12 00:00:00$w2021-01-12$yBOO
=952  \\$00$10$2ddc$3vol. 2$40$6KTS_1_000000000000000_C1_49_04F08_02$70$8RAR$920964$aORPH$bORPH$cKTS1_C1$d2020-07-08$eKoopman$l0$oKTS1 C1.49 04F08_02$p20137725$r2021-11-15 00:00:00$w2021-01-12$yBOO
=952  \\$00$10$2ddc$3vol. 3$40$6KTS_1_000000000000000_C1_49_04F08_03$70$8RAR$920965$aORPH$bORPH$cKTS1_C1$d2020-07-08$eKoopman$l0$oKTS1 C1.49 04F08_03$p20137726$r2021-11-15 00:00:00$w2021-01-12$yBOO
=952  \\$00$10$2ddc$3vol. 4$40$6KTS_1_000000000000000_C1_49_04F08_04$70$8RAR$920966$aORPH$bORPH$cKTS1_C1$d2020-07-08$eKoopman$l0$oKTS1 C1.49 04F08_04$p20137727$r2021-11-15 00:00:00$w2021-01-12$yBOO
=999  \\$d806

