=LDR  12522    a2201165   4500
=001  808
=008  211115s1775\\\\|||g||||\||||\00|\0\fre\d
=041  \\$afre$hita
=100  \\$aTartini, Giuseppe$d1692-1770$4aut$1http://www.wikidata.org/entity/Q108555$95536
=245  \\$aTraité des agrémens de la musique
=260  \\$aParis$bLa Chevardière$c1775
=300  \\$a[ii]-94-[1] pages$bmusic examples
=500  \\$aThe translator, Pietro Denis, also known as Pierre Denis, was an Italian mandolin virtuoso and teacher, and composer, who studied under Giuliano in Naples and established himself in Paris. 
=500  \\$aCited in Koopman 1985, pages 21, 79-82 ("zeer lezenswaardig")
=501  \\$aBound in with Bérard's 'L'Art du chant'
=534  \\$aItalian original text originally published in 1752-56, with French text first published in 1770
=590  \\$aContenant l'origine de la petite note, sa valeur, la manière de la placer, toutes les différentes espèces de cadences, la manière de les employer, le tremblement et le mordant, l'usage qu'on en peut faire, les modes ou agrémens naturels, les modes artificiels qui vont à l'infini, la manière de former un point d'orgue. Ouvrage original non seulement aux maitres de goût du chant, mais encore à tous les joueurs d'instrumens, et que tout bon musicien même compositeur lira avec beaucoup de plaisir.
=648  \0$a18th Century (1701-1800)$1http://www.wikidata.org/entity/Q7015$920899
=650  \0$aMethod$1http://www.wikidata.org/entity/Q2250960$921402
=650  \0$aOrnamentation$1http://www.wikidata.org/entity/Q739589$922524
=653  \0$aaccentuatie in maat$338, 39$0None$w04F12b$928445
=653  \0$aappoggiatura$31-14$0None$w04F12b$928737
=653  \0$aappoggiatura voor de slag$311$0None$w04F12b$928739
=653  \0$aappoggiatura_lengte van$32, 3, 4, 7, 8, 14$0None$w04F12b$928741
=653  \0$aappogiatura_dynamiek van$33, 6$0None$w04F12b$928743
=653  \0$aartikulatie$324, 40$0None$w04F12b$928817
=653  \0$aboekprijs$3tp, 93$0None$w04F12b$929701
=653  \0$acadens$383-94$0None$w04F12b$930106
=653  \0$adiminutie$312, 13, 50, 51-61, 69-80$0None$w04F12b$931086
=653  \0$adubbelslag$333-39$0None$w04F12b$931248
=653  \0$adubbelslag en dynamiek$335$0None$w04F12b$931250
=653  \0$afermate$382-94$0None$w04F12b$931664
=653  \0$afondscatalogus$393$0None$w04F12b$931799
=653  \0$aTartini, G.$3wb$0None$w04F12b$936753
=653  \0$atempo van trillers$315, 17, 18$0None$w04F12b$936831
=653  \0$atoevoegen van trillers$315, 22-27$0None$w04F12b$936986
=653  \0$atrillers en dynamiek$317, 18$0None$w04F12b$937143
=653  \0$atrillers etc. $314-27$0None$w04F12b$937147
=653  \0$avibrato$327-32$0None$w04F12b$937531
=653  \0$akwint/oktaafparallellen$371$0None$w04F12b$933824
=653  \0$amandoline$393$0None$w04F12b$934419
=653  \0$amordent$339-41$0None$w04F12b$934868
=653  \\$akleine terts triller$316$933613$0None$w04F12b
=653  \\$atriller + naslag$321, 22$937112$0None$w04F12b
=653  \\$aversnellen van tempo van triller$317, 18$937492$0None$w04F12b
=653  \\$aversnelling van vibrato$329$937498$0None$w04F12b
=700  \\$4trl$aDenis, Pierre$d1720-1790$1http://www.wikidata.org/entity/Q15430062$94972
=765  \\$aRegole per arrivare a saper ben suonar il violino, col vero fondamento di saper sicuramente tutto quello, che si fa, buono ancora a tuttu quelli, chi esercitano la musica siano cantanti, o suonatori. Date in luce dal celebre Sigr Giuseppe Tartini per uso di chi avrà volontà di studiare. Copiate da Giovanni Francesco Nicolai suo scolaro
=773  \\$0807$tL'Art du chant $w807
=856  \\$uhttps://gallica.bnf.fr/view3if/ga/ark:/12148/bpt6k11689709$3IIIF
=942  \\$cBOO
=952  \\$00$10$2ddc$40$6KTS_1_000000000000000_C1_49_04F12B$70$8RAR$9808$aORPH$bORPH$cKTS1_C1$d2020-07-08$eKoopman$oKTS1 C1.49 04F12b$r2021-01-12 00:00:00$w2021-01-12$yBOO
=952  \\$00$10$2ddc$40$6KTS_1_000000000000000_C1_49_04F12B$70$8RAR$923812$aORPH$bORPH$cKTS1_C1$d2020-07-08$eKoopman$l0$oKTS1 C1.49 04F12b$r2021-01-12 00:00:00$w2021-01-12$yBOO
=952  \\$00$10$2ddc$40$6KTS_1_000000000000000_C1_49_04F12B$70$8RAR$924058$aORPH$bORPH$cKTS1_C1$d2020-07-08$eKoopman$l0$oKTS1 C1.49 04F12b$r2021-01-12 00:00:00$w2021-01-12$yBOO
=952  \\$00$10$2ddc$40$6KTS_1_000000000000000_C1_49_04F12B$70$8RAR$924059$aORPH$bORPH$cKTS1_C1$d2020-07-08$eKoopman$l0$oKTS1 C1.49 04F12b$r2021-01-12 00:00:00$w2021-01-12$yBOO
=952  \\$00$10$2ddc$40$6KTS_1_000000000000000_C1_49_04F12B$70$8RAR$924140$aORPH$bORPH$cKTS1_C1$d2020-07-08$eKoopman$l0$oKTS1 C1.49 04F12b$r2021-01-12 00:00:00$w2021-01-12$yBOO
=952  \\$00$10$2ddc$40$6KTS_1_000000000000000_C1_49_04F12B$70$8RAR$924141$aORPH$bORPH$cKTS1_C1$d2020-07-08$eKoopman$l0$oKTS1 C1.49 04F12b$r2021-01-12 00:00:00$w2021-01-12$yBOO
=952  \\$00$10$2ddc$40$6KTS_1_000000000000000_C1_49_04F12B$70$8RAR$924142$aORPH$bORPH$cKTS1_C1$d2020-07-08$eKoopman$l0$oKTS1 C1.49 04F12b$r2021-01-12 00:00:00$w2021-01-12$yBOO
=952  \\$00$10$2ddc$40$6KTS_1_000000000000000_C1_49_04F12B$70$8RAR$924143$aORPH$bORPH$cKTS1_C1$d2020-07-08$eKoopman$l0$oKTS1 C1.49 04F12b$r2021-01-12 00:00:00$w2021-01-12$yBOO
=952  \\$00$10$2ddc$40$6KTS_1_000000000000000_C1_49_04F12B$70$8RAR$924351$aORPH$bORPH$cKTS1_C1$d2020-07-08$eKoopman$l0$oKTS1 C1.49 04F12b$r2021-01-12 00:00:00$w2021-01-12$yBOO
=952  \\$00$10$2ddc$40$6KTS_1_000000000000000_C1_49_04F12B$70$8RAR$924352$aORPH$bORPH$cKTS1_C1$d2020-07-08$eKoopman$l0$oKTS1 C1.49 04F12b$r2021-01-12 00:00:00$w2021-01-12$yBOO
=952  \\$00$10$2ddc$40$6KTS_1_000000000000000_C1_49_04F12B$70$8RAR$924353$aORPH$bORPH$cKTS1_C1$d2020-07-08$eKoopman$l0$oKTS1 C1.49 04F12b$r2021-01-12 00:00:00$w2021-01-12$yBOO
=952  \\$00$10$2ddc$40$6KTS_1_000000000000000_C1_49_04F12B$70$8RAR$924354$aORPH$bORPH$cKTS1_C1$d2020-07-08$eKoopman$l0$oKTS1 C1.49 04F12b$r2021-01-12 00:00:00$w2021-01-12$yBOO
=952  \\$00$10$2ddc$40$6KTS_1_000000000000000_C1_49_04F12B$70$8RAR$924355$aORPH$bORPH$cKTS1_C1$d2020-07-08$eKoopman$l0$oKTS1 C1.49 04F12b$r2021-01-12 00:00:00$w2021-01-12$yBOO
=952  \\$00$10$2ddc$40$6KTS_1_000000000000000_C1_49_04F12B$70$8RAR$924356$aORPH$bORPH$cKTS1_C1$d2020-07-08$eKoopman$l0$oKTS1 C1.49 04F12b$r2021-01-12 00:00:00$w2021-01-12$yBOO
=952  \\$00$10$2ddc$40$6KTS_1_000000000000000_C1_49_04F12B$70$8RAR$924357$aORPH$bORPH$cKTS1_C1$d2020-07-08$eKoopman$l0$oKTS1 C1.49 04F12b$r2021-01-12 00:00:00$w2021-01-12$yBOO
=952  \\$00$10$2ddc$40$6KTS_1_000000000000000_C1_49_04F12B$70$8RAR$924358$aORPH$bORPH$cKTS1_C1$d2020-07-08$eKoopman$l0$oKTS1 C1.49 04F12b$r2021-01-12 00:00:00$w2021-01-12$yBOO
=952  \\$00$10$2ddc$40$6KTS_1_000000000000000_C1_49_04F12B$70$8RAR$924749$aORPH$bORPH$cKTS1_C1$d2020-07-08$eKoopman$l0$oKTS1 C1.49 04F12b$r2021-01-12 00:00:00$w2021-01-12$yBOO
=952  \\$00$10$2ddc$40$6KTS_1_000000000000000_C1_49_04F12B$70$8RAR$924750$aORPH$bORPH$cKTS1_C1$d2020-07-08$eKoopman$l0$oKTS1 C1.49 04F12b$r2021-01-12 00:00:00$w2021-01-12$yBOO
=952  \\$00$10$2ddc$40$6KTS_1_000000000000000_C1_49_04F12B$70$8RAR$924751$aORPH$bORPH$cKTS1_C1$d2020-07-08$eKoopman$l0$oKTS1 C1.49 04F12b$r2021-01-12 00:00:00$w2021-01-12$yBOO
=952  \\$00$10$2ddc$40$6KTS_1_000000000000000_C1_49_04F12B$70$8RAR$924752$aORPH$bORPH$cKTS1_C1$d2020-07-08$eKoopman$l0$oKTS1 C1.49 04F12b$r2021-01-12 00:00:00$w2021-01-12$yBOO
=952  \\$00$10$2ddc$40$6KTS_1_000000000000000_C1_49_04F12B$70$8RAR$924753$aORPH$bORPH$cKTS1_C1$d2020-07-08$eKoopman$l0$oKTS1 C1.49 04F12b$r2021-01-12 00:00:00$w2021-01-12$yBOO
=952  \\$00$10$2ddc$40$6KTS_1_000000000000000_C1_49_04F12B$70$8RAR$924754$aORPH$bORPH$cKTS1_C1$d2020-07-08$eKoopman$l0$oKTS1 C1.49 04F12b$r2021-01-12 00:00:00$w2021-01-12$yBOO
=952  \\$00$10$2ddc$40$6KTS_1_000000000000000_C1_49_04F12B$70$8RAR$924755$aORPH$bORPH$cKTS1_C1$d2020-07-08$eKoopman$l0$oKTS1 C1.49 04F12b$r2021-01-12 00:00:00$w2021-01-12$yBOO
=952  \\$00$10$2ddc$40$6KTS_1_000000000000000_C1_49_04F12B$70$8RAR$924756$aORPH$bORPH$cKTS1_C1$d2020-07-08$eKoopman$l0$oKTS1 C1.49 04F12b$r2021-01-12 00:00:00$w2021-01-12$yBOO
=952  \\$00$10$2ddc$40$6KTS_1_000000000000000_C1_49_04F12B$70$8RAR$925618$aORPH$bORPH$cKTS1_C1$d2020-07-08$eKoopman$l0$oKTS1 C1.49 04F12b$r2021-01-12 00:00:00$w2021-01-12$yBOO
=952  \\$00$10$2ddc$40$6KTS_1_000000000000000_C1_49_04F12B$70$8RAR$925619$aORPH$bORPH$cKTS1_C1$d2020-07-08$eKoopman$l0$oKTS1 C1.49 04F12b$r2021-01-12 00:00:00$w2021-01-12$yBOO
=952  \\$00$10$2ddc$40$6KTS_1_000000000000000_C1_49_04F12B$70$8RAR$925620$aORPH$bORPH$cKTS1_C1$d2020-07-08$eKoopman$l0$oKTS1 C1.49 04F12b$r2021-01-12 00:00:00$w2021-01-12$yBOO
=952  \\$00$10$2ddc$40$6KTS_1_000000000000000_C1_49_04F12B$70$8RAR$925621$aORPH$bORPH$cKTS1_C1$d2020-07-08$eKoopman$l0$oKTS1 C1.49 04F12b$r2021-01-12 00:00:00$w2021-01-12$yBOO
=952  \\$00$10$2ddc$40$6KTS_1_000000000000000_C1_49_04F12B$70$8RAR$925622$aORPH$bORPH$cKTS1_C1$d2020-07-08$eKoopman$l0$oKTS1 C1.49 04F12b$r2021-01-12 00:00:00$w2021-01-12$yBOO
=952  \\$00$10$2ddc$40$6KTS_1_000000000000000_C1_49_04F12B$70$8RAR$925623$aORPH$bORPH$cKTS1_C1$d2020-07-08$eKoopman$l0$oKTS1 C1.49 04F12b$r2021-01-12 00:00:00$w2021-01-12$yBOO
=952  \\$00$10$2ddc$40$6KTS_1_000000000000000_C1_49_04F12B$70$8RAR$925624$aORPH$bORPH$cKTS1_C1$d2020-07-08$eKoopman$l0$oKTS1 C1.49 04F12b$r2021-01-12 00:00:00$w2021-01-12$yBOO
=952  \\$00$10$2ddc$40$6KTS_1_000000000000000_C1_49_04F12B$70$8RAR$925625$aORPH$bORPH$cKTS1_C1$d2020-07-08$eKoopman$l0$oKTS1 C1.49 04F12b$r2021-01-12 00:00:00$w2021-01-12$yBOO
=952  \\$00$10$2ddc$40$6KTS_1_000000000000000_C1_49_04F12B$70$8RAR$925626$aORPH$bORPH$cKTS1_C1$d2020-07-08$eKoopman$l0$oKTS1 C1.49 04F12b$r2021-01-12 00:00:00$w2021-01-12$yBOO
=952  \\$00$10$2ddc$40$6KTS_1_000000000000000_C1_49_04F12B$70$8RAR$925627$aORPH$bORPH$cKTS1_C1$d2020-07-08$eKoopman$l0$oKTS1 C1.49 04F12b$r2021-01-12 00:00:00$w2021-01-12$yBOO
=952  \\$00$10$2ddc$40$6KTS_1_000000000000000_C1_49_04F12B$70$8RAR$925628$aORPH$bORPH$cKTS1_C1$d2020-07-08$eKoopman$l0$oKTS1 C1.49 04F12b$r2021-01-12 00:00:00$w2021-01-12$yBOO
=952  \\$00$10$2ddc$40$6KTS_1_000000000000000_C1_49_04F12B$70$8RAR$925629$aORPH$bORPH$cKTS1_C1$d2020-07-08$eKoopman$l0$oKTS1 C1.49 04F12b$r2021-01-12 00:00:00$w2021-01-12$yBOO
=952  \\$00$10$2ddc$40$6KTS_1_000000000000000_C1_49_04F12B$70$8RAR$925630$aORPH$bORPH$cKTS1_C1$d2020-07-08$eKoopman$l0$oKTS1 C1.49 04F12b$r2021-01-12 00:00:00$w2021-01-12$yBOO
=952  \\$00$10$2ddc$40$6KTS_1_000000000000000_C1_49_04F12B$70$8RAR$925631$aORPH$bORPH$cKTS1_C1$d2020-07-08$eKoopman$l0$oKTS1 C1.49 04F12b$r2021-01-12 00:00:00$w2021-01-12$yBOO
=952  \\$00$10$2ddc$40$6KTS_1_000000000000000_C1_49_04F12B$70$8RAR$925632$aORPH$bORPH$cKTS1_C1$d2020-07-08$eKoopman$l0$oKTS1 C1.49 04F12b$r2021-01-12 00:00:00$w2021-01-12$yBOO
=952  \\$00$10$2ddc$40$6KTS_1_000000000000000_C1_49_04F12B$70$8RAR$925633$aORPH$bORPH$cKTS1_C1$d2020-07-08$eKoopman$l0$oKTS1 C1.49 04F12b$r2021-01-12 00:00:00$w2021-01-12$yBOO
=952  \\$00$10$2ddc$40$6KTS_1_000000000000000_C1_49_04F12B$70$8RAR$925634$aORPH$bORPH$cKTS1_C1$d2020-07-08$eKoopman$l0$oKTS1 C1.49 04F12b$r2021-01-12 00:00:00$w2021-01-12$yBOO
=952  \\$00$10$2ddc$40$6KTS_1_000000000000000_C1_49_04F12B$70$8RAR$925635$aORPH$bORPH$cKTS1_C1$d2020-07-08$eKoopman$l0$oKTS1 C1.49 04F12b$r2021-01-12 00:00:00$w2021-01-12$yBOO
=952  \\$00$10$2ddc$40$6KTS_1_000000000000000_C1_49_04F12B$70$8RAR$925636$aORPH$bORPH$cKTS1_C1$d2020-07-08$eKoopman$l0$oKTS1 C1.49 04F12b$r2021-01-12 00:00:00$w2021-01-12$yBOO
=952  \\$00$10$2ddc$40$6KTS_1_000000000000000_C1_49_04F12B$70$8RAR$925637$aORPH$bORPH$cKTS1_C1$d2020-07-08$eKoopman$l0$oKTS1 C1.49 04F12b$r2021-01-12 00:00:00$w2021-01-12$yBOO
=952  \\$00$10$2ddc$40$6KTS_1_000000000000000_C1_49_04F12B$70$8RAR$925638$aORPH$bORPH$cKTS1_C1$d2020-07-08$eKoopman$l0$oKTS1 C1.49 04F12b$r2021-01-12 00:00:00$w2021-01-12$yBOO
=952  \\$00$10$2ddc$40$6KTS_1_000000000000000_C1_49_04F12B$70$8RAR$925639$aORPH$bORPH$cKTS1_C1$d2020-07-08$eKoopman$l0$oKTS1 C1.49 04F12b$r2021-01-12 00:00:00$w2021-01-12$yBOO
=952  \\$00$10$2ddc$40$6KTS_1_000000000000000_C1_49_04F12B$70$8RAR$925640$aORPH$bORPH$cKTS1_C1$d2020-07-08$eKoopman$l0$oKTS1 C1.49 04F12b$r2021-01-12 00:00:00$w2021-01-12$yBOO
=952  \\$00$10$2ddc$40$6KTS_1_000000000000000_C1_49_04F12B$70$8RAR$925641$aORPH$bORPH$cKTS1_C1$d2020-07-08$eKoopman$l0$oKTS1 C1.49 04F12b$r2021-01-12 00:00:00$w2021-01-12$yBOO
=999  \\$d808

