=LDR  02022aam a2200253   4500
=001  810
=008  210514s1760\\\\\\\g||||\||||\00|\0\ger\d
=041  \\$ager
=100  \\$aSorge, Georg Andreas$d1703-1778$4aut$1http://www.wikidata.org/entity/Q88592$97274
=245  \\$aCompendium harmonicum,$boder Kurzer Begriff der Lehre von der Harmonie, vor diejenigen welche den Generalbaß und die Composition studiren, in der Ordnung welche die Natur des Klangs an die Hand giebt
=250  \\$a1st ed.
=260  \\$aBad Lobenstein$bSorge$c1760
=300  \\$a[xiv]-121-[3]-[24] pages$bmusic examples
=336  \\$aprinted
=500  \\$aSorge was an organist, composer, and, most notably, theorist. His references to Johann Sebastian Bach show that they were friends, and he composed three fugues for organ on the name BACH (BWV Anh. 107, 108 and 110). He joined Lorenz Christoph Mizler's Corresponding Society of Musical Sciences in 1747, just a month after Bach himself.
=500  \\$aSorge's writings on thorough-bass and harmony are very competent, and his theoretical grasp of unequal temperaments excelled even that of J. G. Neidhardt (though still taking 1⁄12 comma as an indivisible unit of measure. He cited Bach as 'witness' that regular 1⁄6-comma meantone temperament was inadequate to 'modern' harmony, and he dismissed Johann Philipp Kirnberger's schemes of temperament as 'no good'.[Wikipedia] 
=648  \0$a18th Century (1701-1800)$1http://www.wikidata.org/entity/Q7015$920899
=650  \0$aMethod$1http://www.wikidata.org/entity/Q2250960$921402
=650  \0$aHarmony$1http://www.wikidata.org/entity/Q184421$92358
=650  \0$aBasso continuo$1http://www.wikidata.org/entity/Q724321$921065
=856  4\$uhttp://ks.imslp.info/files/imglnks/usimg/3/3d/IMSLP273882-PMLP136862-compendiumharmon00sorg.pdf
=942  \\$cBOO
=952  \\$00$10$2ddc$40$6KTS_1_000000000000000_C1_49_04F14$70$8RAR$9810$aORPH$bORPH$cKTS1_C1$d2020-07-08$eKoopman$i04F14$oKTS1 C1.49 04F14$p20137730$r2021-01-12 00:00:00$w2021-01-12$yBOO
=999  \\$d810

