=LDR  01701    a2200301   4500
=001  813
=008  211116s1799\\\\|||||l||\||||\00|\0\dut\d
=041  \\$adut
=059  \\$av org/kbd bc
=245  \\$aOrgelpartij voor leerlingen van het clavier
=260  \\$aAmsterdam$bTetroode, van$c1799
=300  \\$a[ii]-45 pages
=336  \\$aprinted
=561  \\$aEx Libris Bibliotheek Maxate (plate)

=561  \\$aEx Libris "A. C. Lubbers 1848. 2 December " (manuscript)
=590  \\$abehoorende tot het Zangboek, genaamd: Verzameling van oude en nieuwe Gezangen voor alle de Hoogdagen des Jaars, en eenige Lofzangen voor de Feestdagen der Heiligen, ten dienste der Roomsch-Catholyke Zangeren en Zangeressen: op gemakkelijke, zo oude als nieuwe Zangwijzen gesteld.
=648  \0$a18th Century (1701-1800)$1http://www.wikidata.org/entity/Q7015$920899
=650  \0$aInstrumental music$1http://www.wikidata.org/entity/Q639197$92106
=650  \0$aCatholicism$1http://www.wikidata.org/entity/Q1841$921631
=650  \0$aChurch music$1http://www.wikidata.org/entity/Q8812109$92283
=650  \0$aOrgan music$1http://www.wikidata.org/entity/Q2003283$91951
=651  \0$aNetherlands$1http://www.wikidata.org/entity/Q55$9173
=653  \0$afermate$36, 9, 12, 25, 37$020137732$w04F17$931664
=653  \0$atemperatuur$34, 6, 7, 8, 9, 10, 15, 16, 17, 18, 19, 20, 21, 22, 24, 25, 26, 27, 31, 33, 41, 42, 43$020137732$w04F17$936807
=856  \\$uhttps://books.google.be/books?id=7tZyOwAACAAJ$3Google Books
=942  \\$cSCO
=952  \\$00$10$2ddc$40$6KTS_1_000000000000000_C1_49_04F17$70$8RAR$9813$aORPH$bORPH$cKTS1_C1$d2020-07-08$eKoopman$i04F17$oKTS1 C1.49 04F17$p20137732$r2021-01-12 00:00:00$w2021-01-12$ySCO
=999  \\$d813

