=LDR  00508    a2200145   4500
=001  818
=008  210308b\\\\\\\\be\|||||\||||\00|\0\eng\d
=041  \\$ager
=245  \\$a[Cookbook]
=260  \\$aGermany$cs.d.
=300  \\$a91 pages
=942  \\$cMS
=952  \\$00$10$2ddc$40$6KTS_1_000000000000000_C1_49_04F22$70$8RAR$9818$aORPH$bORPH$cKTS1_C1$d2020-07-08$eKoopman$i04F22$l0$oKTS1 C1.49 04F22$p20136073$r2021-01-12 00:00:00$w2021-01-12$yRAR
=999  \\$c818$d818
=650  \0$aCookbook$1http://www.wikidata.org/entity/Q605076$921485

