=LDR  03180    a2200493   4500
=001  820
=008  211117s1776\\\\|||||k||\||||\00|\0\dut\d
=041  \\$adut
=059  \\$av
=245  \\$aHet Boek der Psalmen, nevens de gezangen bij de Hervormde Kerk van Nederland in gebruik
=260  \\$aAmsterdam$bLoveringh$bAllart$c1776
=300  \\$axlii-518-[2] pages$b6 plates inserted, engraved title page, leatherbound 
=500  \\$a04F24, 03I17 and 11E25 are identical, except for the size (different cuts of identical prints),  and a slightly deviant arrangement of introduction pages i-xlii
=500  \\$ain item 04F24: inserted manuscript letter from a man to his wife inserted: "Lieve Muis..."
=500  \\$acontains two nice portraits (Willem Baron van Lijnden & Mr. Thomas Hoog) by J. Houbraken after P.F. de la Croix
=500  \\$aengraved title page by Reinier Vinkeles (1741-1816) depicting lutes and harps
=534  \\$aOriginally published in 1773
=561  \\$aEx libris Dr. Garmt Stuiveling (Plate in item 11E25)
=590  \\$aDoor last van de Hoog Mogende Heeren Staaten Generaal Vereenigde Nederlanden uit drie berijmingen in den jaare 1773 gekooren, met de noodige daar in gemaakte veranderingen
=648  \0$a18th Century (1701-1800)$1http://www.wikidata.org/entity/Q7015$920899
=650  \0$aLute$1http://www.wikidata.org/entity/Q180733$93944
=650  \0$aVocal music$1http://www.wikidata.org/entity/Q685884$93319
=650  \0$aPsalm$1http://www.wikidata.org/entity/Q12497663$92164
=651  \0$aNetherlands$1http://www.wikidata.org/entity/Q55$9173
=653  \0$aDatheen, P.$3vii-x$020145589$w1.1E+026$930949
=653  \0$atoevoegen van trillers etc. $3xxiii$020145589$w1.1E+026$936991
=653  \0$aharp$3tp, xvii$020145589$w1.1E+026$932582
=653  \0$aHoubraken$3xvi afb., xviii afb.$020145589$w1.1E+026$932952
=653  \0$aRuloffs, B.$3xxiii$020145589$w1.1E+026$938640
=653  \0$aluit$3tp$020145589$w1.1E+026$934262
=653  \\$aHoog, Th.$3i, xviii$932912$020145589$w1.1E+026
=653  \\$aIperen, J. van $3xii, xx$933126$020145589$w1.1E+026
=653  \\$aLijnden, v.$3i, xiii, xvi afb., xvii, xix$934117$020145589$w1.1E+026
=653  \\$apsalmberijming$3vw$936240$020145589$w1.1E+026
=653  \\$aSchutte, R.$3xii$939003$020145589$w1.1E+026
=653  \\$aSt. Aldegonde, M. v.$3vii$936451$020145589$w1.1E+026
=653  \\$aVinkeles, R.$3tp, xiii afb., xxiii afb., xl afb.$937575$020145589$w1.1E+026
=653  \\$aVoet, J.E.$3x-xx$937687$020145589$w1.1E+026
=856  \\$uhttps://books.google.be/books?id=3H1WAAAAcAAJ$3Google Books
=942  \\$cSCO
=952  \\$00$10$2ddc$40$6KTS_1_000000000000000_C1_49_04F24$70$8RAR$9820$aORPH$bORPH$cKTS1_C1$d2020-07-08$eKoopman$oKTS1 C1.49 04F24$p20137716$r2021-01-12 00:00:00$w2021-01-12$ySCO
=952  \\$00$10$2ddc$40$6KTS_1_000000000000000_C3_43_11E25$70$8RAR$922850$aORPH$bORPH$cKTS1_C3$d2020-07-08$eKoopman$l0$oKTS1 C3.43 11E25$p20145589$r2023-07-13 00:00:00$w2023-07-13$ySCO
=952  \\$00$10$2ddc$40$6KTS_1_000000000000000_C3_24_03I17$70$8RAR$922851$aORPH$bORPH$cKTS1_C3$d2020-07-08$eKoopman$l0$oKTS1 C3.24 03I17$p20145585$r2023-07-13 00:00:00$w2023-07-13$ySCO
=999  \\$d820

