=LDR  00960    a2200205   4500
=001  821
=008  211117s1747\\\\|||af|||\||||\00|\0\lat\d
=041  \\$alat
=245  \\$aBreviarium Romanum ex decreto sacro-sancti Concilii Tridenti restitutum, S. PII V. Pontificis Max. et ...
=260  \\$aAntwerp$bPlantin$c1747
=300  \\$a[30]-592-ccxi-[4] pages$bfrontispiece in red and black ink
=336  \\$aprinted
=648  \0$a18th Century (1701-1800)$1http://www.wikidata.org/entity/Q7015$920899
=650  \0$aReligion$1http://www.wikidata.org/entity/Q9174$93062
=650  \0$aHistory$1http://www.wikidata.org/entity/Q309$921403
=653  \0$acello$3137(?)$020137736$w04F25$930344
=653  \0$aharp$3afb bij psalterium dispositie$020137736$w04F25$932582
=942  \\$cBOO
=952  \\$00$10$2ddc$40$6KTS_1_000000000000000_C1_49_04F25$70$8RAR$9821$aORPH$bORPH$cKTS1_C1$d2020-07-08$eKoopman$i04F25$oKTS1 C1.49 04F25$p20137736$r2021-01-12 00:00:00$w2021-01-12$yBOO
=999  \\$d821

